3344 5236
706 369 725 433 b

122 574 196 640 prae
218 556 334 620 ceteris
357 552 523 637 amabitis,
548 560 605 618 aut
627 553 702 618 talis
726 552 818 618 ouius
842 551 985 617 codicem
1009 571 1109 616 unum
1132 550 1186 616 uel
1199 548 1308 635 plures

123 678 229 739 seruat
259 673 462 739 Bibliotheca
492 680 602 739 nostre
635 673 749 760 dignos
780 673 836 760 qui
867 672 1049 737 accuratius
1073 671 1311 736 examinentur.

121 794 191 860 Nou
216 795 301 861 enim
326 817 446 883 paruus
471 801 519 861 est
543 795 762 860 aestimandus
782 815 891 860 eorum
914 794 1059 859 codicum
1081 814 1234 858 numerus
1255 793 1310 879 qui

122 923 177 982 aut
207 917 364 1004 incogniti
394 918 499 983 adhuc
523 923 600 983 sunt
627 923 702 994 aut,
726 917 786 982 etsi
814 917 879 980 iarn
904 916 980 981 olim
1005 917 1038 979 in
1063 936 1157 980 usum
1184 913 1312 997 uocati,

121 1060 183 1105 nou
207 1045 315 1105 tamen
339 1040 385 1104 ita
409 1039 583 1125 diligenter
602 1039 730 1104 excussi
752 1045 827 1103 sunt
848 1045 884 1102 ut
903 1059 976 1102 cum
995 1057 1073 1102 cura
1093 1043 1126 1102 et
1146 1036 1310 1101 oculorum

121 1160 189 1226 acie
224 1160 487 1226 examinantibus
524 1158 727 1246 spicilegium
772 1180 835 1224 non
872 1158 1007 1223 offerant
1041 1157 1119 1222 satis
1154 1156 1309 1242 amplum.

122 1258 220 1347 Unde·
249 1280 373 1347 fructus
403 1281 488 1347 baud
514 1281 709 1368 spernendos
733 1279 773 1344 ad
797 1280 1055 1346 emendationem
1080 1297 1172 1365 posse
1196 1277 1313 1342 redun-

122 1401 198 1468 dare
221 1401 316 1468 facile
339 1401 551 1488 intellegitur.
587 1401 679 1477 Quod
704 1401 868 1488 superiore
891 1421 975 1465 anno
1000 1398 1207 1486 comprobare
1218 1396 1312 1463 uobis

123 1523 232 1589 studui
262 1523 417 1589 adhibitis
448 1525 481 1589 iu
513 1525 698 1611 exemplum
734 1523 859 1589 duobus
896 1519 1126 1587 uetustissimis
1149 1517 1314 1584 codicibus

123 1643 335 1709 Leideusibus
366 1645 421 1732 qui
454 1643 617 1711 Ciceronis
649 1646 689 1711 de
717 1651 883 1710 senectuto
915 1643 1061 1708 libellum
1094 1640 1261 1707 continent
1282 1645 1315 1705 et

123 1765 257 1831 maximi
292 1787 362 1833 esse
398 1768 552 1833 momenti
589 1767 703 1834 merito
738 1767 931 1832 iudicantur.
981 1766 1049 1832 Nec
1085 1765 1198 1830 dubito
1234 1763 1313 1851 quin

123 1887 334 1954 memineritis
360 1910 411 1955 me
434 1890 510 1954 data
530 1889 588 1954 illa
607 1888 774 1955 occasione
797 1888 889 1953 uobis
908 1889 995 1953 laeto
1016 1886 1124 1951 animo
1145 1882 1315 1950 ostendere

123 2009 264 2075 codicem
293 2011 437 2077 eiusdem
469 2011 574 2077 libelli
598 2011 850 2097 pulcherrimum
876 2030 971 2096 quem
996 2008 1053 2073 illo
1076 2007 1145 2094 ipso
1170 2013 1315 2092 tompore

123 2150 141 2195 e
162 2130 366 2197 Bibliotheca
388 2132 451 2198 Rei
474 2132 630 2198 Publicae
654 2131 801 2197 Gallicae
824 2129 973 2196 Parisino
1002 2149 1188 2216 acceperam
1212 2126 1314 2213 etqui

123 2251 276 2338 optimam
301 2251 342 2318 de
366 2272 513 2340 sospem
537 2252 643 2319 facere
668 2253 775 2318 uarias
800 2252 840 2317 ob
864 2273 978 2317 causas
1002 2251 1185 2316 uidebatur.
1209 2247 1313 2323 Quem

122 2379 291 2460 postquem
315 2381 348 2439 et
370 2375 570 2460 incognitum
594 2375 699 2441 adhuc
724 2374 791 2439 uidi
817 2381 850 2440 ct
873 2374 987 2461 optimi
1010 2373 1137 2460 generis
1166 2392 1236 2438 csso
1263 2392 1314 2436 oo·

121 2493 238 2578 gnoui,
263 2495 445 2560 accuratius
469 2496 578 2583 paullo
603 2495 654 2561 bic
680 2502 817 2561 tractare
842 2494 971 2560 decroni
985 2494 1155 2580 uariasque
1168 2491 1314 2558 eiuslec·

123 2613 225 2680 tiones
248 2615 415 2682 nobiscnm
440 2617 687 2683 communicare.
724 2617 834 2682 Pauca
862 2623 970 2682 autem
995 2616 1035 2682 de
1059 2615 1223 2682 codicibus
1247 2615 1312 2679 iam

122 2735 259 2822 cognitis
282 2745 316 2803 et
338 2758 359 2803 a
382 2737 480 2803 uariis
504 2738 585 2803 uiris
610 2738 713 2804 doctis
743 2739 777 2802 in
805 2739 903 2804 crisin
928 2738 1052 2804 uocatis
1076 2734 1314 2824 praemonenda

122 2855 202 2922 duxi
225 2858 334 2925 haece.

169 3098 331 3168 Ciceronis
356 3102 396 3168 de
420 3109 586 3169 senectute
609 3104 712 3170 libelli
735 3104 878 3170 recensio
909 3102 1074 3167 nitebatur
1097 3101 1164 3167 fere
1188 3108 1256 3167 tota
1279 3100 1312 3165 in

124 3221 331 3288 celeberrimo
356 3224 465 3289 codice
488 3225 655 3309 Parisino,
678 3225 755 3291 olim
779 3224 903 3310 Regio,
930 3222 1036 3308 6332,
1061 3245 1143 3289 sace.
1168 3220 1314 3306 lX(ood.

123 3341 173 3428 P),
198 3344 253 3430 qui
278 3344 478 3411 Tusculanas
502 3367 632 3434 quoque
655 3345 899 3432 Disputationes
924 3344 1070 3410 continet
1093 3354 1125 3410 et
1146 3345 1253 3409 uarias
1273 3343 1315 3409 ob

123 3485 236 3530 causas
259 3465 345 3531 inter
367 3467 615 3554 pretiosissimos
637 3467 736 3533 libros
769 3465 1004 3552 manuscriptos
1028 3466 1160 3531 Latinos
1185 3471 1234 3531 est
1258 3465 1314 3530 he·

124 3584 265 3671 bendus;
301 3587 584 3677 palaeographicae
620 3610 697 3655 uero
730 3589 770 3654 ob
802 3589 942 3654 rationes
973 3588 1046 3652 ideo
1078 3588 1232 3653 momenti
1265 3593 1315 3652 eat

123 3706 276 3791 maximi,
301 3708 378 3795 quia
402 3730 473 3797 per
496 3711 590 3777 oola
614 3717 654 3775 et
678 3717 884 3775 commata
904 3729 961 3774 ssu
982 3715 1133 3790 στιχηρῶς
1155 3708 1315 3795 estsorip·

124 3833 193 3905 tus,
231 3828 355 3895 scilicet
379 3836 415 3894 ut
442 3831 622 3914 „sententia
645 3852 665 3895 a
687 3831 865 3906 sententia,
891 3835 924 3895 et
946 3828 1097 3916 periodus
1121 3852 1141 3895 a
1165 3828 1315 3916 periodo,

125 3948 264 4029 risibili,
289 3957 325 4015 ut
349 3951 395 4015 ita
418 3953 532 4038 loquar
557 3953 681 4017 ratione
703 3950 913 4038 separentur’'
927 3949 963 4035 1).
987 3950 1078 4026 Quae
1100 3951 1182 4016 ratio
1203 3950 1316 4017 distin·

158 4113 184 4176 1)
205 4112 281 4162 Verbo
297 4117 354 4163 sunt
371 4114 468 4164 loannis
486 4114 566 4174 croti,
588 4130 647 4164 sacr.
666 4119 690 4164 et
709 4115 756 4164 bist
784 4114 810 4163 in
830 4113 892 4163 Non.
913 4113 1004 4163 Foedus
1022 4113 1159 4164 Obasrnatt.
1178 4114 1315 4179 (Gonauae,

125 4194 203 4261 lbbb)
226 4212 245 4244 c.
270 4195 325 4256 Xl,
351 4213 374 4262 p.
392 4199 437 4256 93,
455 4197 528 4246 allata
546 4214 560 4246 a
578 4199 606 4246 B.
627 4198 713 4247 Dahlio
730 4197 771 4261 qni
791 4198 816 4245 iu
834 4196 915 4245 libello
932 4197 1025 4261 saepius
1042 4214 1056 4246 a
1073 4197 1141 4247 nobis
1156 4198 1252 4246 citando
1272 4196 1316 4254 11,

124 4292 147 4341 p.
170 4280 184 4325 ὅ
208 4293 257 4342 sqq.
282 4279 372 4344 optimc
396 4280 424 4328 dc
446 4295 473 4329 aa
495 4280 657 4345 distinguendi
675 4280 806 4329 sententias
823 4280 916 4330 ratione
934 4279 1074 4344 disputabit.
1101 4281 1152 4329 Neo
1169 4280 1249 4329 minus
1266 4278 1316 4328 lan·

125 4358 215 4409 dandus
239 4360 283 4409 boo
306 4360 358 4410 loco
380 4365 416 4411 eal
439 4364 651 4422 Gardthauccuns,
678 4364 718 4427 qni
743 4364 769 4412 in
791 4379 834 4414 sna
855 4361 1020 4412 ,erieehisehs
1038 4360 1242 4428 Palaeograpbic’'
1261 4377 1316 4426 pag.

128 4441 174 4495 127
192 4458 243 4508 sqq.
259 4448 314 4509 post
331 4444 502 4506 Ritachelium‚
521 4445 629 4510 llugium
646 4445 706 4496 alios
724 4445 799 4495 lusiua
816 4446 877 4495 banc
895 4460 945 4495 rem
962 4448 1058 4495 tractat.
