3344 5236
809 363 851 427 43

287 554 365 611 1⁶4
389 546 431 609 26
455 544 589 629 (XVIII
615 546 670 624 65)
693 552 766 632 post
789 553 893 610 tarnem
913 546 1070 609 insertum
1088 549 1138 608 est
1156 564 1227 608 emm
1249 542 1285 607 id
1304 540 1432 607 ciceide-

243 673 303 732 am
326 667 359 731 in
384 667 411 732 P
435 667 482 751 (in
508 669 595 753 ras),
619 664 669 752 nr,
697 666 751 732 ns.
778 664 826 733 of.
853 638 954 748 baur,
979 666 1013 730 11
1038 687 1070 751 p.
1094 666 1147 728 sa.

288 799 365 854 lob
390 787 432 854 25
457 788 554 873 (XIX
580 791 637 875 68)
660 791 828 874 expectetis
851 789 894 853 cd
917 788 1146 873 amplissimam
1165 786 1350 873 dignitatem
1360 788 1433 868 sra-
1519 861 1521 865 y

242 910 351 984 tribes.
387 909 550 975 Omittunt
573 910 617 974 cd
639 910 677 987 P,
703 909 744 988 V,
769 909 809 974 A.

286 1040 364 1096 loo
396 1033 437 1094 27
469 1030 585 1116 (XXII
617 1032 676 1114 80)
707 1053 767 1116 quo
797 1031 918 1097 diutius
941 1030 1010 1096 cod.
1039 1030 1238 1095 llrlurtensis
1262 1030 1429 1096 recentior.

240 1154 322 1239 quod
343 1155 456 1219 iustius
479 1153 527 1236 L,
552 1150 607 1218 ΑΙ.
633 1174 692 1239 pec
715 1154 828 1218 iustius
855 1152 893 1234 V,
919 1153 975 1236 A²,
1000 1153 1126 1239 reliqui.

286 1283 364 1337 160
393 1274 413 1336 2
446 1273 561 1359 (ΧΧΙΙ
594 1275 651 1359 80)
681 1274 857 1339 discesserit
881 1274 944 1339 duo
969 1295 1011 1339 ex
1035 1274 1275 1341 recentioribus.
1300 1273 1429 1339 discedit

239 1394 432 1458 recentiores
463 1394 590 1481 reliqui.
614 1394 752 1459 discessit
778 1393 817 1478 V,
844 1394 881 1477 L,
909 1396 937 1458 A
961 1401 1066 1470 recte,
1089 1395 1289 1461 Mommseno
1311 1394 1427 1459 iudice.

286 1526 360 1580 1⁰1
388 1517 475 1579 3-4
500 1516 633 1601 (XXIII
658 1519 715 1601 83)
740 1516 923 1582 Vocabula:
945 1537 1000 1581 nec
1019 1523 1180 1602 tamquam
1200 1516 1326 1582 Peliam
1345 1536 1429 1580 reco-

238 1638 322 1701 aerit
345 1636 461 1701 desunt
485 1638 517 1701 in
542 1636 595 1716 L¹,
620 1637 665 1703 Α1
690 1648 722 1703 et
746 1639 893 1703 Parisino
919 1640 1007 1702 5752
1031 1660 1050 1702 a
1074 1659 1171 1703 manu
1196 1639 1309 1724 priore.
1346 1637 1429 1702 Reo-

241 1758 365 1823 tissime
388 1760 453 1823 iam
478 1760 561 1824 uidit
584 1760 751 1825 Friedrich
776 1760 809 1824 in
838 1759 1091 1842 ,Woohenschn
1119 1759 1141 1825 f.
1165 1759 1264 1824 klass.
1288 1758 1430 1824 Philolo-

239 1879 333 1966 gie,'’
364 1880 423 1947 IV.
458 1883 556 1945 1887.
589 1903 616 1949 o.
647 1884 711 1947 882
742 1903 781 1946 ea
811 1903 853 1947 ex
885 1881 1071 1966 glossatoris
1103 1880 1269 1946 cuiusdam
1298 1879 1428 1966 ingenio

241 2001 397 2087 originem
422 2001 539 2067 ducere
563 2010 595 2067 et
620 2003 731 2090 utique
755 2023 825 2067 esse
848 2002 995 2068 delenda.

286 2132 362 2187 1⁰1
403 2123 530 2187 10-11
559 2123 691 2209 (XXIII
716 2125 773 2209 84)
796 2124 888 2188 multi
910 2131 938 2188 et
961 2125 986 2187 ii
1007 2123 1090 2187 docti
1113 2122 1315 2186 recentiores.
1339 2121 1431 2186 multi

239 2248 268 2306 et
288 2242 370 2307 docti
390 2240 447 2325 V¹,
467 2243 514 2320 L,
536 2245 576 2310 A.
596 2244 688 2309 multi
707 2246 801 2309 etiam
821 2245 903 2309 docti
922 2242 974 2307 Vl.
995 2243 1087 2308 multi
1101 2242 1154 2330 [et]
1174 2242 1290 2307 indocti
1302 2241 1431 2328 reliqui.

285 2485 347 2551 Sed
380 2487 459 2552 haec
492 2487 571 2551 satis
594 2494 699 2551 sunto.
736 2487 773 2551 Id
798 2487 884 2552 enim
910 2508 1008 2551 unum
1033 2488 1114 2552 mibi
1137 2494 1207 2553 erat
1230 2487 1427 2576 propositum

240 2613 276 2670 ut
299 2606 550 2672 demonstrarem
575 2607 716 2674 codicem
743 2608 773 2673 A
798 2609 951 2673 momenti
976 2630 1045 2674 esse
1069 2609 1253 2696 permagni,
1278 2615 1428 2674 etaetate

238 2735 270 2791 et
294 2726 437 2794 bonitate
461 2729 590 2815 optimis
615 2750 700 2795 nuno
719 2730 804 2794 notis
825 2731 1011 2817 aequalem,
1034 2739 1133 2817 utque
1152 2730 1345 2796 lectionibus
1358 2730 1427 2794 eius

238 2849 401 2934 euulgatis
432 2852 672 2937 comprobarem
705 2872 778 2917 eum
811 2873 830 2916 a
858 2852 975 2916 futuris
1000 2851 1178 2917 editoribus
1202 2852 1334 2916 minime
1358 2871 1427 2916 esse

237 2970 484 3056 neglegendum.
525 2970 667 3037 Vlterius
698 2972 847 3058 progredi
872 2972 1025 3037 hocloco
1049 2973 1159 3049 nolui,
1187 2993 1260 3037 cum
1285 2992 1428 3059 praeser-

239 3092 297 3155 tim
334 3113 409 3157 mox
444 3093 525 3157 alias
556 3093 720 3181 disputare
755 3094 788 3157 in
824 3094 932 3160 animo
963 3093 1099 3158 habeam
1132 3093 1172 3158 de
1194 3094 1273 3158 locis
1292 3091 1428 3176 ‚Catonis

239 3212 371 3278 Maioris
405 3214 641 3300 compluribus,
678 3215 733 3301 qui
768 3221 825 3279 aut
860 3214 1006 3280 codicum
1041 3236 1121 3301 quoa
1157 3215 1344 3280 enumeraui
1368 3235 1428 3301 ope

238 3332 424 3400 etiamnunc
455 3335 619 3401 emendari
651 3357 764 3424 posse,
796 3343 853 3400 aut
883 3335 1076 3402 coniecturis
1107 3337 1241 3402 sanandi
1265 3337 1426 3402 uidentur.

238 3453 311 3530 Qua
333 3455 367 3519 in
390 3476 425 3520 re
448 3456 628 3522 subsidium
652 3459 859 3523 utilissimum
886 3457 964 3523 mihi
989 3467 1116 3544 praesto
1136 3465 1211 3522 sunt
1231 3458 1428 3524 collectanea

239 3575 397 3642 cBootio
422 3578 492 3642 uiro
516 3577 593 3644 clar.
617 3578 702 3644 iacta
725 3588 759 3645 et
781 3580 1007 3646 liberalissime
1032 3581 1181 3666 ultroque
1205 3578 1284 3643 mibi
1308 3580 1425 3644 oblata.

284 3695 390 3762 Hodie
420 3698 520 3783 igitur
555 3698 651 3765 finem
675 3699 840 3766 iaciamus.
860 3738 891 3747 -
911 3700 957 3765 Vt
980 3709 1088 3766 tamen
1113 3700 1153 3764 iis
1176 3700 1293 3787 quibus
1317 3699 1427 3764 Dablii

237 3818 340 3883 libelli
363 3827 439 3884 sunt
462 3820 502 3885 ad
528 3842 660 3899 manns,
683 3822 774 3886 utilis
797 3821 858 3886 sim
883 3823 988 3909 iisque
1012 3822 1174 3887 uariorum
1198 3820 1343 3885 codicum
1363 3822 1425 3885 lee'·

238 3940 342 4005 tiones
372 3942 480 4006 uarias
512 3941 649 4008 selectas
679 3951 713 4008 et
747 3945 807 4009 sub
831 3965 930 4008 unum
955 3950 1161 4030 conspectum
1187 3942 1332 4006 redactas
1355 3962 1422 4027 pro·

237 4083 371 4149 ponam,
409 4062 553 4128 tabulam
577 4062 699 4129 abillo
723 4070 804 4150 part.
828 4064 863 4142 I,
888 4086 960 4151 pag.
986 4065 1119 4128 24-25
1143 4083 1217 4129 cum
1241 4083 1318 4127 cura
1342 4083 1428 4128 com·

237 4182 394 4268 positam,
427 4183 479 4248 hio
510 4182 629 4248 additis
654 4182 684 4247 A
707 4183 825 4249 codicis
848 4184 1041 4250 lectionibus
1065 4183 1272 4271 repetendam
1297 4181 1427 4248 curabo.
