3344 5236
824 327 844 389 6

235 511 355 599 gnendi
378 511 522 597 singulos
546 509 723 575 sententias
746 510 780 573 iu
806 507 1034 574 Demosthenis
1057 513 1091 572 et
1114 504 1280 573 Ciceronis
1300 504 1428 591 scriptis

235 634 403 700 rhetoricis
426 632 467 698 ed
491 632 657 698 recitanda
680 630 880 697 commodius
901 629 1002 695 uerba
1021 629 1085 693 iam
1107 627 1183 693 olim
1204 626 1428 699 estadhibita‚

236 765 273 822 ut
303 757 395 821 testis
426 756 518 821 nobis
548 762 599 821 est
630 754 662 819 S.
688 753 909 841 Hieronymus
937 754 970 816 in
996 751 1064 816 Iob.
1093 751 1127 827 Ι,
1153 772 1182 836 p.
1210 751 1293 824 473,
1317 747 1374 834 qui
1399 753 1432 811 et

236 880 304 964 ipse
328 899 431 961 „nouo
451 877 507 941 illo
527 875 688 941 scribendi
708 896 827 960 genere
849 871 1072 959 distinguere”
1093 872 1200 958 coepit
1214 871 1431 935 librossacros

236 1000 380 1066 Latinos.
416 997 561 1073 Quorum
595 1018 749 1064 numerus
783 998 876 1062 nobis
908 1003 1055 1084 superest
1087 1000 1137 1059 sat
1169 1013 1305 1079 magnus
1329 990 1432 1057 ueluti

237 1120 473 1209 pulcherrimus
503 1119 606 1186 codex
640 1120 743 1186 Paris.
778 1120 841 1184 107
876 1119 1041 1206 Epistulae
1077 1118 1110 1184 S.
1134 1117 1228 1182 Pauli
1251 1115 1377 1182 Graece
1399 1121 1433 1180 et

237 1242 355 1307 Latine
379 1241 514 1327 scriptas
538 1262 623 1307 saeo.
648 1241 802 1307 VI-VII
826 1242 1010 1326 continens,
1037 1241 1129 1306 ouius
1156 1240 1319 1327 specimen
1344 1238 1433 1303 dedit

236 1362 392 1428 Silvestre
414 1362 465 1427 in:
494 1363 728 1451 Pnldoprapbs’c
752 1364 952 1446 scismate,
985 1370 1061 1429 tom.
1087 1363 1136 1446 ΙΙ,
1161 1362 1226 1428 tab.
1252 1362 1306 1427 80.
1342 1359 1433 1424 Libri

238 1506 314 1549 uero
346 1485 471 1572 profani
495 1506 568 1572 per
591 1486 684 1550 cola
710 1492 750 1551 et
773 1492 983 1551 commata
1007 1485 1119 1571 scripti
1142 1490 1340 1571 quantopere
1368 1482 1433 1546 sint

237 1605 302 1669 rari
332 1605 418 1670 haud
449 1606 624 1692 ignoratis;
657 1627 757 1672 unum
791 1606 837 1672 sic
867 1607 1023 1693 seriptum
1055 1605 1167 1671 uidere
1191 1605 1308 1670 nestris
1331 1603 1434 1669 oeulis

238 1727 431 1791 meministis
462 1727 605 1793 codicem
634 1749 730 1814 quem
764 1727 968 1794 Bibliotheca
996 1727 1165 1793 Leidensis
1189 1735 1298 1792 seruat
1322 1724 1434 1790 Vossi-

238 1866 335 1910 annm
376 1847 448 1913 Lat.
483 1848 517 1912 iu
553 1856 667 1935 quarto
704 1850 763 1933 63,
799 1870 882 1914 eaeo.
920 1849 1021 1931 VIII,
1056 1848 1205 1935 Gregorii
1237 1847 1434 1913 Turonensis

238 1965 435 2032 Francorum
454 1968 621 2034 historiam
641 1969 861 2035 continentem
874 1978 908 2036 et
919 1992 961 2036 ex
974 1970 1062 2036 Guil.
1078 1970 1207 2035 Arndtii
1234 1967 1401 2053 „Schril
1407 1974 1434 2032 t·

238 2088 395 2155 tafeln’'
421 2089 487 2154 tab.
516 2091 703 2157 renotem.

239 2228 243 2232 ·
283 2210 423 2274 Parisini
455 2220 562 2275 autem
594 2211 683 2277 illius
716 2212 792 2277 libri
816 2234 877 2300 ope
904 2213 1004 2278 uerba
1028 2234 1106 2279 uere
1128 2212 1340 2278 Ciceroniana
1364 2233 1435 2299 per·

239 2331 350 2395 multis
392 2333 471 2396 loeis
496 2334 622 2398 restitui
664 2340 822 2421 poterant.
868 2335 973 2400 Mults
1007 2356 1134 2423 qnoque
1168 2356 1251 2422 quae
1287 2333 1435 2420 inprimis

239 2451 442 2537 lladuigiue,
468 2454 520 2518 uir
543 2454 734 2519 immortalis
759 2455 950 2540 memoriae,
976 2477 1019 2521 ex
1043 2455 1198 2521 acerrimo
1221 2476 1279 2520 suo
1303 2454 1434 2541 ingenio

238 2572 302 2637 iam
328 2573 406 2638 olim
430 2575 674 2659 emendauerat,
695 2575 752 2641 ille
773 2577 875 2641 codex
895 2577 1099 2643 confirmauit
1120 2585 1153 2642 et
1169 2576 1338 2642 stabiliuit.
1363 2575 1434 2640 Pri·

240 2714 312 2758 mus
342 2695 426 2781 quod
450 2696 549 2760 sciam
574 2697 630 2783 qui
654 2699 924 2783 praestantissimi
948 2699 1067 2764 codicis
1090 2699 1295 2765 collationem
1319 2698 1434 2783 uulga-

239 2814 305 2891 uit,
330 2814 392 2880 luit
416 2816 463 2880 Io.
488 2816 582 2903 Oasp.
607 2817 749 2883 Orellius
770 2818 803 2883 in
826 2820 930 2904 priore
950 2820 1114 2887 Ciceronis
1131 2841 1263 2908 operum
1276 2819 1434 2901 editione,

240 2944 314 3002 tom.
342 2937 401 3002 IV.
427 2941 458 3003 2.
482 2960 535 3003 an.
565 2941 657 3003 1828.
695 2939 757 3004 Sed
789 2941 845 3027 qui
878 2941 967 3006 illius
990 2943 1024 3006 in
1050 2963 1146 3007 usum
1171 2938 1355 3007 conserendi
1379 2960 1434 3004 ne·

239 3058 363 3145 gotium
396 3067 596 3145 susceperat,
630 3060 734 3126 Iulius
766 3061 904 3147 Berger,
929 3084 1042 3150 parum
1067 3070 1217 3128 accurate
1241 3083 1278 3128 eo
1301 3080 1436 3126 munere

239 3177 369 3244 functus
393 3178 596 3266 spicilegium
621 3181 764 3268 amplum
790 3182 921 3269 reliquit
945 3183 985 3248 N.
1008 3184 1045 3250 B.
1066 3183 1248 3270 Krarupio,
1267 3183 1324 3270 qui
1344 3179 1436 3245 liad-

240 3300 321 3386 uigii
345 3301 461 3366 studiis
485 3309 521 3366 ut
546 3301 635 3367 utilis
659 3311 743 3368 esset
767 3304 910 3370 codicem
935 3303 1055 3368 iterum
1083 3303 1227 3369 excussit
1240 3302 1276 3388 1).
1310 3300 1436 3367 Deinde

240 3419 374 3487 Carolus
398 3421 549 3487 Halmius
573 3423 728 3490 lectiones
752 3446 771 3489 a
795 3425 904 3491 Keilio
929 3432 1075 3490 enotatas
1096 3424 1231 3490 editioni
1251 3422 1437 3488 Orellianae

240 3542 334 3607 alteri
365 3564 416 3607 an.
454 3546 533 3608 1861
569 3545 719 3610 subiecit.
756 3545 867 3633 Nuper
897 3567 974 3611 uero
1009 3545 1182 3610 Bestianus
1213 3544 1298 3609 Dahl
1331 3549 1435 3608 totum

240 3663 359 3728 librum
385 3701 425 3712 -
450 3665 555 3751 quoad
580 3665 735 3732 (latonam
765 3666 920 3733 Maiorem
946 3667 1090 3732 continet
1115 3664 1337 3730 —laudabili
1362 3663 1437 3727 dili·

240 3785 350 3870 gentio
373 3784 413 3850 de
437 3807 520 3850 nouo
543 3788 680 3851 contulit
704 3794 737 3853 et
762 3789 868 3853 uarias
888 3788 963 3852 inde
986 3787 1141 3853 lectiones
1162 3792 1294 3852 cunctas
1313 3783 1436 3872 publici

241 4027 341 4092 tritis
370 4028 424 4093 der
454 4029 680 4095 ciceronisclrcn
719 4031 797 4096 Coto
833 4032 946 4097 maior.
973 4030 1026 4098 II.
1054 4029 1181 4095 Codices
1204 4025 1374 4093 Porteinl'’
1390 4028 1435 4109 ²),

276 4238 303 4294 1)
321 4237 358 4287 Cl.
377 4237 434 4286 edit.
453 4236 561 4301 Meurig.
579 4251 617 4286 au.
638 4237 710 4285 leet.
730 4236 806 4301 prael.
824 4252 846 4300 p.
867 4237 887 4283 V
905 4252 939 4300 sq.
958 4237 998 4300 (a
1011 4238 1100 4300 Opusc.
1117 4235 1190 4284 lead.
1208 4235 1241 4283 ll.
1261 4233 1332 4297 267).

273 4320 300 4384 2)
319 4319 496 4379 Christianiuc,
515 4319 588 4368 1886.
607 4318 653 4368 lux:
675 4317 846 4368 ‚Ckrbtr'anr'a
869 4316 1138 4369 Videntur-sources
1154 4316 1345 4380 Forkaadls'uqcr
1363 4314 1439 4364 188⁶·

247 4401 292 4451 N⁰.
314 4401 371 4451 12.”
