3344 5236
707 332 752 409 7.

121 528 176 597 nbi
198 529 296 595 etiam
320 549 394 616 pag.
418 529 529 593 4-10
561 547 658 615 quam
682 526 924 592 accuratissime
947 525 987 591 de
1012 525 1071 591 hoc
1096 525 1205 591 codice
1229 523 1307 610 ogit.

165 650 295 737 Reliqui
325 657 434 714 antem
461 668 542 735 qnos
565 669 607 713 ex
630 648 756 735 ingenti
780 647 872 734 copia
896 647 1014 712 electos
1038 646 1164 711 codices
1188 644 1311 710 exami-

121 777 238 836 narunt
260 770 443 836 Orellianse
472 769 659 856 posterioris
690 768 828 835 editores
852 768 1000 834 Parisino
1023 768 1072 831 illi
1096 768 1191 852 longe
1220 772 1312 830 erant

120 891 340 978 postponendi.
376 890 520 966 Quorum
545 890 759 956 uetustissimi
783 890 931 955 Parisino
955 890 1079 976 aliquot
1102 888 1240 954 socculis
1263 908 1312 953 re·

121 1013 277 1078 cautiores
301 1032 430 1077 mannm
455 1013 729 1100 interpolatricem
754 1012 839 1077 haud
866 1032 936 1077 raro
961 1017 1037 1076 sunt
1061 1009 1187 1096 experti
1208 1028 1312 1096 neque

120 1134 189 1199 sine
219 1155 347 1199 summa
377 1134 526 1199 cautione
558 1134 611 1199 hic
643 1133 711 1198 illic
741 1134 774 1198 in
806 1154 899 1198 usum
925 1131 1079 1198 uocandi:
1103 1131 1136 1195 id
1162 1129 1246 1217 quod
1271 1150 1312 1195 cx

121 1262 328 1342 apparatu
359 1255 515 1320 critico
538 1254 674 1322 editioni
697 1255 746 1319 illi
769 1254 879 1319 addito
904 1253 1011 1319 statim
1037 1261 1180 1339 apparet.

166 1374 296 1462 Optime
320 1375 420 1462 igitur
443 1383 493 1441 est
517 1374 638 1441 iactum
663 1374 748 1462 quod
768 1375 956 1440 Theodorus
977 1373 1172 1458 Mommsen,
1186 1373 1314 1438 uircla·

121 1495 285 1579 rissimns,
310 1517 394 1562 anno
422 1499 507 1562 1862
531 1497 658 1562 inuenit
682 1497 715 1562 in
740 1496 944 1562 Bibliotheca
963 1496 1023 1562 hac
1044 1503 1152 1561 nostra
1172 1494 1313 1561 codicem

122 1615 317 1682 Vossianum
342 1617 414 1682 Lat.
439 1618 473 1682 in
497 1618 566 1683 fol0.
595 1621 635 1682 12
661 1618 743 1704 (cod.
769 1618 810 1702 L)
833 1618 982 1683 Parisino
1005 1638 1110 1703 neque
1129 1623 1235 1682 aetate
1255 1636 1315 1681 nec

122 1737 265 1803 bonitate
289 1739 428 1803 multum
452 1738 620 1804 cedentem
641 1746 674 1804 et
695 1739 801 1825 ipsum
824 1739 971 1824 egregias
988 1738 1141 1804 lectiones
1156 1759 1223 1802 non
1237 1757 1316 1824 psu-

122 1879 175 1923 cas
199 1859 418 1925 continentem
442 1866 475 1925 et
498 1881 518 1924 a
541 1880 639 1925 mann
662 1860 782 1938 altera,
808 1860 906 1946 priori
930 1859 997 1925 iere
1020 1879 1158 1936 cosona,
1179 1858 1315 1943 diligen·

122 1987 171 2045 ter
193 1988 372 2046 oorraotnm
397 1980 562 2067 adipsum
585 1981 790 2065 Parisinum,
815 1982 870 2067 qui
893 1980 1033 2046 inuicem
1058 1981 1098 2045 ed
1124 1980 1314 2045 Leidensem

122 2101 214 2167 illum
239 2109 402 2168 correctns
426 2101 555 2168 uidetur
569 2099 613 2187 ι),
639 2103 687 2167 ita
710 2110 747 2166 ut
770 2102 810 2166 ad
834 2101 1065 2188 comparandas
1088 2101 1174 2166 inter
1194 2121 1264 2166 sese
1283 2107 1316 2165 et

122 2221 345 2289 diindicsndss
364 2224 520 2290 lectiones
539 2224 647 2289 uarias
667 2224 710 2289 sit
722 2224 840 2289 summi
854 2223 1008 2289 momenti
1020 2223 1198 2288 habendus.
1223 2220 1316 2297 Quod

123 2345 282 2433 exemplis
307 2346 431 2433 aliquot
453 2347 562 2411 allatis
582 2346 930 2459 docuitollommsenus
951 2346 984 2410 in
1004 2346 1214 2411 relationibus
1227 2365 1316 2410 men·

123 2466 220 2530 struis
245 2466 354 2553 regiae
378 2467 586 2533 scientiarum
613 2468 808 2534 Academiae
832 2467 1050 2533 Berolinensis
1076 2467 1105 2532 d.
1135 2469 1154 2531 5
1179 2488 1220 2531 m.
1245 2466 1314 2530 Ian.

122 2606 174 2651 sn.
201 2590 305 2666 1863,
330 2609 403 2675 pag.
433 2590 473 2653 10
497 2611 565 2676 sqq.
597 2589 777 2676 Statimque
801 2596 969 2676 postquam
994 2589 1040 2654 sic
1064 2588 1097 2652 in
1118 2587 1223 2653 lucem
1245 2608 1316 2674 pro·

123 2714 244 2774 tractus
268 2716 317 2774 cst
343 2710 522 2775 Vossianus
548 2713 606 2795 12,
633 2711 728 2776 multi
752 2710 815 2775 uiri
840 2710 925 2776 docti
950 2731 987 2775 eo
1011 2716 1087 2774 sunt
1106 2709 1157 2774 nsi
1179 2715 1212 2775 et
1231 2731 1316 2796 sym·

124 2829 197 2895 bola
221 2830 354 2896 minime
378 2830 559 2918 spernenda
583 2852 624 2897 ex
649 2853 686 2896 eo
710 2832 899 2896 attulerunt.
935 2831 1023 2906 Quos
1047 2831 1217 2917 plerosque
1239 2851 1316 2895 cnu-

124 2952 263 3016 marauit
288 2952 426 3017 Dahlius
449 2953 471 3017 1.
485 2954 507 3019 l.
532 2954 548 3018 I
569 2954 635 3040 (an.
660 2956 760 3038 1885)
781 2974 854 3040 pag.
876 2955 914 3038 63
935 2952 1101 3018 addendus
1120 2959 1228 3017 autem
1241 2971 1317 3038 prae

123 3075 239 3140 ceteris
263 3080 312 3140 est
335 3076 376 3140 iis
400 3096 431 3140 u.
457 3075 488 3141 d.
513 3075 772 3158 Sommorbrodt‚
803 3074 860 3162 qui
882 3082 914 3140 ct
937 3075 1006 3161 ipso
1030 3072 1182 3160 Lugduni
1205 3072 1239 3137 in
1263 3071 1318 3136 Bi·

123 3195 286 3261 bliotheca
315 3196 436 3261 librum
467 3197 612 3283 inspexit
635 3204 667 3263 ct
691 3197 879 3262 collationes
903 3196 1037 3282 abipso
1061 3194 1261 3259 Mommseno
1286 3199 1319 3259 at

122 3337 142 3382 a
172 3315 335 3383 Gemollio
366 3317 533 3383 institutas
564 3318 718 3384 adhibere
749 3316 854 3405 potuit
886 3316 921 3381 in
952 3315 1148 3381 recensenda
1177 3314 1319 3380 editione

156 3600 184 3663 1)
203 3598 301 3648 Codices
317 3598 415 3648 Latinos
432 3598 480 3649 iam
497 3599 631 3663 antiquitus
648 3600 713 3648 inter
730 3616 754 3648 se
772 3600 871 3649 collatos
890 3599 982 3665 saepius
999 3615 1048 3647 esse
1062 3601 1168 3657 constat,
1188 3598 1227 3646 sed
1242 3613 1320 3647 srcm·

122 3678 162 3744 plu
187 3684 315 3746 supersunt
342 3681 405 3730 hand
422 3681 457 3730 ita
474 3681 557 3730 mults.
585 3683 650 3730 Scec.
671 3682 707 3731 lx
723 3682 848 3730 Seruatins
865 3682 946 3747 Lupus
965 3679 1122 3729 l'arreriensis
1140 3678 1211 3727 abhas
1228 3679 1254 3728 in
1271 3679 1321 3744 epi·

122 3761 186 3812 stnla
208 3762 257 3826 (ed.
278 3762 358 3811 Bnluz.
375 3778 414 3812 sn.
434 3763 507 3812 1664.
530 3779 583 3828 pag.
601 3766 629 3824 4)
657 3764 809 3813 lliuhrrdnm
832 3766 901 3828 rogat
923 3766 950 3811 nt
973 3762 1064 3811 codices
1088 3762 1181 3825 aliquot
1200 3760 1270 3810 illnm
1295 3761 1320 3809 in

124 3845 195 3894 linem
212 3843 258 3893 sibi
277 3844 468 3894 commodentur:
499 3846 577 3895 ‚Tulli
595 3847 623 3893 de
643 3844 762 3894 rhetorica
780 3845 854 3904 liber,
873 3860 944 3908 quem
963 3844 1058 3908 qnidam
1076 3843 1151 3893 habeo
1168 3845 1209 3893 sed
1226 3844 1251 3892 in
1270 3844 1321 3908 ple·

124 3925 204 3988 risque
221 3927 370 3975 mendosum.
397 3927 478 3991 Quare
500 3943 555 3976 cum
580 3928 659 3975 codice
681 3928 735 3976 islic
754 3931 849 3993 reperto
867 3927 937 3976 illum
953 3926 1045 3975 contuli
1062 3930 1087 3975 et
1104 3942 1174 3989 quem
1193 3925 1321 3975 certiorem

123 4006 251 4070 putabam,
273 4007 447 4056 mendosiorem
469 4006 577 4058 inueni.’'
595 4009 645 4073 (Gi.
666 4009 693 4058 P.
712 4010 841 4058 Schwenke
857 4009 883 4058 in
900 4007 1016 4074 supplem.
1035 4009 1064 4055 ad
1080 4007 1246 4070 Philolopum,
1261 4010 1313 4056 tom

126 4087 156 4148 V,
173 4105 225 4153 pag.
244 4089 294 4138 466
311 4092 363 4153 sq).
382 4116 415 4126 -
433 4090 496 4138 Item
514 4090 539 4139 in
557 4092 636 4139 codice
652 4107 711 4140 saec.
728 4092 768 4140 lX
786 4091 929 4140 Monasterii
943 4092 967 4139 8.
983 4088 1197 4139 Richariicantuli
1208 4092 1321 4153 rogatum

358 4171 484 4221 Claudiani
501 4171 591 4223 librum
609 4174 669 4222 mihi
688 4178 796 4223 nestrum
816 4174 907 4223 mittite
923 4189 1024 4237 quaeso,

359 4253 406 4302 Per
422 4269 493 4318 quem
511 4255 631 4319 corrigere
649 4259 758 4305 nostrum
779 4255 871 4304 ualeam
888 4255 951 4304 male
968 4254 1063 4304 laisum.

126 4332 158 4381 st
178 4333 204 4383 in
226 4333 306 4383 codice
322 4332 477 4383 Stabnletauo
494 4349 554 4384 saec.
574 4337 594 4384 ll
613 4336 715 4401 legitur:
741 4337 834 4400 .Vsque
852 4337 898 4386 hnc
914 4336 1005 4386 contuli
1023 4337 1051 4385 de
1069 4334 1148 4384 codice
1164 4336 1250 4383 Sancte
1268 4335 1325 4383 Me·

126 4415 189 4465 lanis
206 4417 290 4466 Rome.
308 4417 346 4467 Ol.
366 4415 431 4466 Gnil.
451 4417 622 4478 wattenbach,
641 4420 813 4482 Schriftwesen
833 4436 885 4485 pag.
905 4420 961 4468 193.
