3344 5236
834 355 855 417 4

252 534 340 597 tione
370 540 541 614 murata,
571 553 635 619 qua
668 533 709 597 sd
734 533 821 620 ipsos
844 533 995 598 ducimur
1017 533 1122 598 fontes
1144 554 1271 620 quaque
1294 534 1383 598 uaria
1404 534 1437 598 in

251 654 416 719 codicibus
446 655 544 719 obuia
575 655 764 720 mendorum
796 676 917 741 genens
947 663 981 720 et
1006 656 1156 742 cognosci
1178 656 1306 742 saepiam
1328 663 1362 719 et
1382 676 1437 720 ax·

251 776 364 862 plicari
387 786 531 863 possunt.
566 776 660 850 Quod
685 776 828 862 proiecto
852 798 915 840 uon
941 776 1036 840 latuit
1060 796 1211 862 nmquam
1236 776 1437 862 principesin

251 918 286 962 re
316 898 429 961 critica
459 898 562 980 uiros,
597 898 700 962 ueluti
730 897 932 982 liaduigium
957 899 1051 962 cuius
1074 898 1237 983 egregiam
1261 897 1302 962 dc
1324 919 1358 962 ra
1380 897 1437 962 cri-

251 1019 315 1083 tica
327 1019 578 1105 disputationem
607 1019 913 1101 ,aduersariis
938 1019 1135 1084 criticis”
1155 1019 1438 1107 praefixsmproba

251 1142 397 1207 nouistis.
432 1141 566 1205 llinimc
587 1162 664 1205 uero
684 1140 717 1204 id
737 1141 861 1206 latebat
882 1141 1078 1206 Academiae
1097 1150 1225 1206 nostrae
1244 1141 1436 1228 praesidium

249 1274 282 1329 et
313 1263 407 1328 dulce
438 1263 555 1343 decus,
586 1261 764 1346 Cobetum,
797 1285 884 1328 nnnc
907 1272 1037 1350 propter
1061 1271 1201 1328 aetatem
1223 1271 1257 1329 et
1279 1262 1437 1350 perlegis

251 1385 474 1449 necessitatem
519 1385 696 1449 immunem
739 1398 774 1450 et
808 1406 881 1450 cum
919 1385 1104 1449 uehementi
1146 1394 1255 1450 nostro
1295 1386 1436 1450 omnium

248 1506 357 1570 dolore
381 1504 518 1570 aduersa
542 1505 729 1570 ualetudine
752 1506 968 1581 laborantem.
1000 1506 1056 1570 sed
1081 1507 1174 1570 uobis
1196 1507 1374 1572 iunioribus
1395 1527 1437 1572 ex

249 1626 486 1691 immortalibus
505 1648 590 1713 quac
609 1626 754 1691 condidit
773 1628 902 1713 scriptis
923 1649 1019 1714 quam
1041 1629 1182 1693 maxime
1202 1629 1437 1702 uenerabilem.

250 1749 363 1826 nobis,
385 1750 440 1835 qui
466 1748 581 1813 Cobati
606 1747 780 1835 discipulos
805 1769 864 1813 nos
887 1749 1074 1832 gloriamur,
1100 1750 1204 1814 omnis
1226 1750 1348 1815 solidae
1365 1750 1437 1814 doc·

249 1872 353 1936 trinas
384 1891 457 1935 cum
490 1870 610 1935 iudicio
641 1883 674 1934 et
704 1870 868 1954 elegantia
890 1870 1081 1936 coniunctae
1105 1871 1217 1935 uiuum
1242 1870 1437 1956 exemplum.

249 1992 292 2057 llt
323 1991 556 2057 iucundissima
589 1991 669 2055 mibi
700 1991 789 2055 subit
821 1993 975 2056 memoria
1006 2012 1163 2057 annorum
1194 1993 1227 2056 in
1261 1991 1377 2078 quibus
1399 2012 1438 2056 eo

249 2113 330 2179 duce
360 2113 502 2178 Graecos
533 2113 755 2178 Bibliothecae
787 2121 916 2177 nostrae
947 2113 1073 2178 codices
1098 2135 1173 2178 msa.
1198 2120 1335 2178 tractare
1358 2113 1437 2176 mibi

248 2235 358 2316 licuit,
379 2243 412 2299 et
435 2234 495 2299 snb
520 2235 577 2298 tali
603 2235 756 2319 magistro
779 2234 811 2298 in
838 2233 983 2319 legendis
1006 2243 1039 2298 et
1063 2235 1263 2320 explicandis
1291 2242 1436 2298 ueterum

247 2357 339 2422 libris
364 2377 416 2421 me
439 2356 641 2422 exercebam.
678 2354 746 2421 Nec
770 2355 865 2421 facile
889 2356 1019 2442 quidem
1044 2357 1132 2422 dictu
1157 2357 1234 2443 quid
1258 2356 1361 2442 magis
1379 2355 1437 2420 ad·

249 2478 429 2542 mirandum
456 2479 487 2542 in
512 2479 583 2543 eius
606 2477 799 2543 lectionibus
823 2478 1001 2552 uideretur,
1030 2499 1156 2543 summa
1180 2479 1250 2543 aius
1272 2479 1306 2542 in
1330 2478 1437 2564 legau-

247 2599 297 2663 dis
328 2599 493 2664 codicibus
525 2599 578 2663 uel
609 2599 809 2664 difficillimis
839 2599 926 2664 lectu
957 2600 1119 2676 sollertia,
1144 2601 1197 2665 uel
1220 2600 1342 2665 eximia
1364 2598 1437 2665 doc·

247 2720 333 2786 trina
356 2730 389 2785 et
413 2720 535 2806 ingenii
560 2720 723 2785 subtilitas
746 2740 811 2805 qua
833 2728 981 2785 auctores
1009 2729 1154 2804 ueteres,
1178 2743 1259 2808 quos
1283 2720 1437 2786 memoria

248 2862 350 2929 paene
373 2863 484 2907 omnes
509 2850 613 2924 tenet,
638 2850 671 2907 et
694 2843 858 2928 explicare
882 2851 916 2907 et
939 2863 959 2906 a
983 2843 1082 2907 uariis
1106 2842 1311 2908 librariorum
1323 2841 1437 2908 emori·

248 2963 308 3028 bus
338 2962 504 3028 uindicare
528 2983 612 3026 unus
634 2963 776 3028 omnium
803 2963 864 3026 scit
887 2965 1017 3048 optime.
1054 2962 1155 3029 (luins
1178 2963 1327 3050 exemplo
1350 2962 1435 3028 exci-

247 3090 334 3149 tatus
359 3121 398 3133 -
426 3085 453 3148 si
477 3105 578 3171 parua
601 3083 678 3149 licet
698 3105 889 3170 componere
909 3085 1035 3169 magnis
1055 3055 1269 3150 -alacriter
1289 3085 1433 3149 insistam

247 3206 333 3271 uiam
353 3207 393 3271 ab
413 3206 470 3269 illo
492 3213 720 3288 monstratam,
742 3213 774 3270 et
795 3205 854 3270 hoc
874 3205 1021 3291 inprimis
1043 3227 1136 3291 agam
1157 3212 1210 3282 ut,
1224 3226 1297 3271 cum
1310 3204 1435 3270 ecdicos

245 3336 370 3394 nostros
402 3328 509 3413 legera
540 3336 573 3392 at
600 3327 662 3392 rite
694 3327 866 3392 aestimare
890 3326 1037 3402 doceam,
1065 3348 1173 3391 amore
1197 3327 1334 3413 quodam
1359 3346 1436 3412 erga

247 3449 448 3516 uenerabiles
471 3450 544 3514 illos
568 3449 772 3535 antiquitatis
797 3455 895 3513 testes
919 3469 978 3512 uos
1002 3448 1156 3515 imbuam.

290 3569 372 3636 (lum
386 3569 640 3658 prouecticribus
654 3588 731 3633 uero
744 3575 886 3641 nestrum
901 3569 956 3654 qni
968 3569 1114 3634 codicum
1127 3568 1297 3635 num'crum
1307 3569 1436 3634 uidistis

244 3693 323 3757 satis
348 3711 498 3777 magnum
525 3697 558 3756 et
577 3691 611 3754 in
632 3689 821 3755 euoluendis
840 3689 880 3752 iis
901 3690 965 3753 iam
986 3690 1063 3754 estis
1084 3690 1272 3771 exercitati,
1292 3690 1434 3757 codicem

244 3814 323 3878 certi
353 3813 491 3878 alicuius
523 3812 664 3878 auctoris
691 3810 951 3897 antiquissimum
978 3831 1050 3876 cum
1075 3812 1257 3899 puluisculo
1281 3818 1433 3877 excutere
1472 3798 1475 3805 ¹

243 3933 342 3998 uelim
374 3933 420 3998 sic
451 3938 488 3996 ut
519 3932 668 3997 omnibus
701 3931 893 3995 lectionibus
917 3932 1120 3996 uariantibus
1141 3933 1279 3997 enotatis
1303 3939 1337 3998 ct
1360 3932 1433 3997 dili·

242 4063 355 4140 genter
378 4053 544 4140 perpensis
567 4052 735 4116 uideamus
760 4051 916 4136 numquid
940 4052 1015 4115 noui
1040 4051 1080 4116 ad
1103 4053 1338 4118 emendandum
1357 4053 1432 4118 inde

242 4175 342 4261 possit
365 4174 481 4260 parari.
517 4172 609 4247 Quod
635 4181 671 4235 ut
695 4173 812 4236 uestris
837 4172 953 4237 studiis
976 4174 1245 4257 accommodatur,
1263 4174 1432 4260 eligendus

242 4296 372 4360 uidetur
391 4301 448 4359 aut
469 4293 549 4358 liber
571 4292 688 4379 aliquis
709 4293 764 4379 qui
785 4294 817 4357 in
838 4293 1030 4359 lectionibus
1051 4295 1243 4360 academicis
1265 4296 1431 4360 uobiscum

242 4422 406 4492 tractatur,
428 4434 588 4501 quemque
608 4412 708 4499 igitur
728 4414 761 4478 in
775 4415 877 4480 ueteri
896 4415 1083 4481 membrana
1094 4415 1307 4503 perscriptum
1320 4416 1431 4482 uidere
