3344 5236
965 339 1006 402 12

392 516 692 584 Ashbornhamcusi
727 528 820 586 amnt
853 536 887 586 et
920 522 1017 608 longe
1051 523 1214 587 maximae
1244 532 1278 587 et
1307 523 1579 608 pretiosissimae,

392 636 632 725 Leopoldus
664 640 851 715 Delisle,
881 643 934 706 uir
960 643 1240 729 incomparabilis,
1262 664 1390 707 summa
1411 665 1485 708 cnm
1509 664 1582 708 ern·

391 757 530 841 ditione,
550 761 739 846 diligentia,
760 764 939 849 sagacitate
957 763 1231 850 disputationibus
1247 764 1271 846 ¹)
1288 765 1471 828 utilissimis
1483 764 1581 828 simul

391 888 424 945 et
448 883 672 968 pulcherrimis
696 885 768 950 luce
790 886 910 950 clarius
931 885 1151 950 demonstrare
1171 908 1234 950 non
1254 886 1412 959 desierat,
1433 907 1490 972 per
1501 906 1583 971 quas

391 1022 614 1080 communem,
634 1018 672 1069 ut
691 1007 739 1070 ita
754 1007 872 1087 dicam,
885 1008 1068 1093 opinionem
1082 1009 1302 1081 excitauerat,
1315 1007 1496 1094 praeclaros
1508 1006 1583 1070 illos

392 1122 560 1189 thesauros
593 1133 658 1189 tam
690 1128 828 1213 turpiter
850 1149 870 1193 e
892 1129 1017 1214 patriae
1039 1129 1245 1194 bibliothecis
1274 1128 1444 1213 subreptos
1469 1127 1583 1212 utique

392 1264 463 1308 esse
493 1246 709 1312 restituendos
739 1249 793 1313 uel
824 1250 939 1314 saltem
963 1250 1166 1315 redimendos
1179 1248 1218 1334 ¹).
1253 1248 1367 1336 Neque
1390 1247 1584 1313 abhorrebat

392 1384 414 1430 a
445 1366 502 1430 tali
533 1369 752 1453 negotiatione
784 1371 1028 1436 Ashbnrnhami
1064 1370 1201 1435 Comitis
1224 1371 1312 1434 filius
1335 1380 1369 1435 et
1390 1370 1501 1449 heres;
1526 1367 1583 1433 sed

393 1485 542 1552 inunum
564 1490 702 1574 pretium
722 1491 916 1577 postulando
936 1513 1064 1557 omnem
1085 1492 1126 1557 da
1138 1493 1179 1556 iis
1191 1491 1418 1577 recuperandis
1431 1496 1583 1554 oonamm

392 1608 519 1673 irritum
544 1609 690 1675 seniebat.
727 1611 870 1677 Tandem
896 1635 982 1678 anno
1006 1616 1091 1678 1888
1111 1613 1196 1700 quod
1215 1621 1284 1678 tota
1302 1611 1412 1676 Gallia
1430 1610 1585 1697 perticere

392 1729 591 1814 haesitabat,
615 1732 649 1797 id
674 1753 757 1797 unus
781 1733 950 1799 Parisinae
972 1733 1197 1799 Bibliothecae
1219 1732 1408 1798 Praefectus
1431 1729 1584 1817 perfecit:

393 1851 580 1937 ingentibus
612 1893 655 1904 -
687 1855 750 1942 ipsi
781 1857 970 1942 pracsertim
994 1858 1257 1944 grauissimis-
1287 1856 1453 1921 sacrificiis
1477 1860 1586 1940 partes

394 1971 468 2037 illas
498 1973 684 2041 Librianam
719 1984 753 2042 et
783 1978 1020 2045 Barroisianam
1054 1978 1235 2044 uindicauit
1265 1999 1329 2042 non
1353 1977 1479 2042 cunctis
1502 1995 1586 2063 quse

394 2092 470 2159 olim
501 2096 658 2182 spoliatae
688 2097 816 2163 fuerant
839 2100 1062 2182 bibliothecis,
1087 2100 1144 2165 sed
1167 2101 1223 2164 uni
1248 2099 1470 2164 Bibliothecae
1494 2097 1585 2162 Pari·

394 2215 501 2299 sinae,
527 2221 559 2281 in
584 2240 679 2306 quam
705 2241 814 2285 mense
837 2221 1015 2287 Februario
1039 2242 1091 2286 an.
1119 2224 1204 2286 1888
1228 2228 1304 2286 sunt
1326 2221 1448 2286 illatae.

440 2336 502 2402 Sed
534 2339 611 2425 quid
642 2361 736 2406 narro
760 2364 827 2407 rem
852 2343 1051 2408 notissimam
1076 2351 1109 2408 et
1133 2364 1340 2430 peromnem
1364 2344 1473 2408 orbem
1498 2341 1586 2406 litte·

394 2457 515 2522 rarium
547 2459 760 2545 celebratam,
791 2464 884 2529 ouius
915 2464 1050 2529 historia
1079 2465 1112 2528 in
1145 2465 1245 2530 uariis
1275 2484 1358 2551 quae
1380 2462 1586 2528 solidioribus

394 2579 511 2645 studiis
541 2589 618 2646 sunt
647 2591 833 2650 consecrate
864 2585 977 2651 diariis
1007 2586 1110 2653 fusim
1134 2594 1183 2651 est
1207 2586 1332 2651 relata?
1368 2585 1410 2649 Bt
1432 2585 1505 2671 quis
1528 2583 1586 2670 qui

395 2699 436 2766 da
459 2723 498 2768 ea
521 2704 574 2769 uel
598 2704 695 2772 fando
717 2707 862 2793 audiuit,
888 2709 1097 2775 uehementer
1125 2729 1188 2773 non
1213 2708 1392 2772 admiratur
1415 2707 1522 2771 uirum
1545 2705 1586 2770 dc

394 2822 512 2889 litteris
542 2847 605 2891 non
636 2826 744 2893 minus
774 2849 871 2915 quam
903 2830 944 2896 da
978 2831 1102 2918 patriae
1124 2831 1246 2896 honoro
1267 2829 1446 2895 sollicitum
1470 2833 1503 2893 et
1526 2847 1587 2892 sua

394 2947 571 3032 sagacitate
595 2969 717 3036 suaque
740 2950 922 3017 eruditione
945 2952 1080 3038 gloriam
1112 2950 1334 3018 Bibliothecae
1357 2948 1586 3015 celeberrimae

394 3067 448 3133 cui
471 3076 598 3154 praeest
621 3078 812 3156 augentem,
838 3072 923 3138 unde
941 3074 1137 3160 praeclaram
1157 3074 1219 3138 sibi
1238 3073 1308 3159 ipse
1330 3071 1456 3137 laudem
1471 3069 1585 3135 merito

396 3189 522 3275 parauit
546 3197 579 3255 et
601 3190 633 3254 in
659 3190 727 3258 dies
751 3214 864 3279 parare
884 3195 1037 3260 maiorem
1057 3194 1188 3282 pergit?
1220 3194 1295 3281 lpse
1315 3192 1470 3258 Delielius
1490 3191 1586 3256 solita

394 3310 569 3386 modestia,
600 3311 656 3378 sed
688 3314 784 3379 solita
816 3315 913 3380 etiam
938 3315 1085 3381 doctriua
1108 3322 1141 3380 ot
1165 3314 1347 3380 subtilitate
1370 3314 1410 3378 de
1435 3320 1502 3377 tota
1524 3312 1586 3377 hac

396 3452 430 3498 re
461 3431 528 3518 egit
557 3432 668 3499 libello
696 3434 853 3521 singulari
877 3456 972 3524 quem
997 3436 1148 3524 praefixit
1171 3456 1298 3522 quoque
1321 3455 1406 3500 nouo
1429 3432 1586 3518 (latelogo

394 3551 455 3618 sub
485 3552 554 3617 tit:
593 3553 924 3644 ,Bibliotbbque
957 3557 1198 3623 Nationale.
1236 3555 1415 3641 Oatalogue
1438 3554 1495 3619 das
1519 3573 1587 3618 ma·

428 3763 455 3828 l)
474 3764 583 3829 Quarum
601 3762 740 3829 praecipuae
758 3761 797 3811 hic
813 3763 869 3810 snnt
887 3759 1057 3809 nominandas:
1085 3759 1201 3808 Noticc
1218 3773 1259 3806 snr
1276 3757 1311 3806 les
1327 3755 1469 3806 manuscrits
1477 3754 1588 3820 disparui

394 3845 423 3893 dc
440 3842 463 3894 la
483 3843 647 3910 Bibliothbqne
664 3846 693 3893 da
710 3844 786 3893 'l'onrs
803 3843 908 3909 pendant
925 3840 948 3890 ls
967 3843 996 3890 le
1010 3841 1088 3906 partie
1105 3842 1137 3889 dn
1157 3838 1479 3903 XlesibcleOExtraitdes
1489 3837 1587 3886 Noticea

396 3930 420 3976 et
437 3926 543 3976 Brtraits
560 3928 600 3976 des
616 3927 758 3976 manuscrits
776 3927 804 3974 de
821 3924 845 3974 la
863 3923 925 3974 Bibl.
945 3924 1002 3972 Nat.
1020 3927 1064 3972 cto.
1083 3926 1141 3972 tom.
1160 3921 1264 3980 XXXI,
1283 3917 1587 3989 lepartie]Paris,1888,

397 4012 432 4059 ct:
459 4009 573 4059 Notior
598 4025 638 4059 snr
656 4011 696 4059 des
713 4008 856 4059 manuscrits
872 4007 904 4056 dn
922 4007 991 4055 londa
1008 4005 1076 4056 Libri
1093 4006 1216 4055 conservts
1232 4008 1249 4054 h
1267 4004 1291 4053 la
1307 4003 1483 4052 Laurentianus
1499 4004 1514 4052 1
1531 4004 1588 4053 Illo-

398 4105 466 4141 renoe
484 4092 550 4157 [illd.
568 4096 627 4141 tom.
646 4092 762 4151 XXXII,
781 4091 809 4141 le
826 4085 915 4158 partie]
936 4088 1016 4147 Paris,
1041 4088 1120 4147 1888,
1139 4103 1195 4152 prae
1212 4087 1298 4136 ceteris
1317 4101 1373 4135 uero
1393 4101 1440 4150 qus
1456 4102 1508 4136 rem
1524 4102 1588 4136 enm·

397 4188 461 4223 mam
474 4174 653 4239 multorumque
667 4190 786 4224 annornm
800 4173 905 4223 laborem
922 4170 1115 4236 comprehendit=
1133 4171 1192 4218 Les
1209 4167 1408 4219 manuscrits
1425 4168 1464 4218 du
1482 4170 1588 4219 Comta

397 4252 655 4306 d'Ashburnham.
681 4258 789 4322 Bapport
814 4271 845 4304 an
863 4254 979 4303 Ministro
997 4254 1025 4301 de
1042 4251 1208 4302 l'lostrnction
1226 4250 1339 4316 pnbliqnc
1356 4254 1400 4299 etc.
1419 4251 1496 4300 Paris.
1515 4251 1587 4300 1888.

431 4338 459 4403 2)
477 4338 515 4388 Cl.
532 4339 643 4405 inprimis
659 4354 719 4404 quac
736 4337 869 4404 disputabit
886 4337 915 4386 ds
932 4336 976 4386 hac
994 4353 1019 4386 rc
1036 4336 1126 4386 Paulus
1142 4336 1171 4384 dc
1190 4334 1297 4398 begardc
1311 4334 1337 4383 in
1357 4333 1536 4385 uNschriohtcn
1546 4335 1588 4383 der

399 4419 429 4470 ll.
446 4420 603 4470 Gcsellsohslt
619 4422 642 4471 d.
661 4420 732 4470 Wiss.
750 4435 778 4470 su
795 4416 957 4486 thtingsn,”
975 4421 997 4471 d.
1015 4420 1046 4470 lu
1063 4434 1094 4469 m.
1114 4419 1166 4468 lan.
1183 4433 1221 4467 sn.
1244 4417 1314 4466 tues.
