3344 5236
148 753 379 841 Vnuequiaque
410 752 465 839 qui
497 752 555 816 hac
587 773 681 816 ame
704 759 850 817 enotatas
875 753 981 816 uariae
1005 750 1158 815 lectiones
1183 748 1291 835 paullo

99 876 281 942 accuratius
306 875 563 951 examinauarit,
588 875 698 939 statim
723 873 849 939 uidebit
872 873 1014 939 codicem
1041 872 1069 936 A
1095 872 1180 935 inter
1201 869 1292 934 mcli-

99 998 163 1063 oric
186 996 313 1084 generis
337 997 436 1061 libroa
462 996 575 1083 utique
599 1017 669 1061 eece
699 993 893 1060 habendum.
929 993 1014 1057 Nam
1038 993 1098 1058 etei
1122 992 1292 1056 adfirmare

99 1118 185 1184 haud
209 1119 312 1183 anaim
337 1139 412 1182 eum
436 1116 597 1182 uniueraia
621 1117 699 1182 locis
723 1137 793 1182 caca
817 1092 974 1181 eiusmodi
999 1123 1035 1178 ut
1054 1120 1187 1178 cunctos
1208 1133 1293 1177 nunc

99 1248 190 1306 notor
218 1240 319 1305 libroa
350 1238 609 1326 antiquissimos,
648 1239 701 1303 cui
724 1258 863 1303 coaeuua
887 1237 954 1301 fera
979 1244 1047 1312 eat,
1073 1235 1215 1299 bonitate
1240 1255 1292 1298 cu·

99 1368 208 1446 perat,
222 1367 322 1446 utque
334 1360 423 1424 illiue
435 1359 632 1446 archetypon
643 1409 652 1442 ,
665 1358 750 1445 quod
763 1364 891 1435 uocant,
908 1357 935 1422 ai
949 1357 1032 1422 forte
1045 1356 1292 1439 inueneremus,

100 1481 242 1566 reliquus
275 1489 511 1568 apparatus
534 1481 722 1545 criticus
747 1500 876 1565 prorsus
900 1478 983 1544 foret
1008 1477 1205 1561 reiciendus,
1233 1477 1293 1542 hoc

101 1607 208 1666 tamen
241 1611 375 1688 apparet
408 1622 482 1666 eum
514 1601 645 1687 optimis
676 1600 781 1666 adhuc
805 1601 839 1664 in
863 1621 957 1665 neum
982 1600 1106 1665 uocatis
1130 1600 1169 1682 P,
1192 1598 1239 1682 L,
1264 1598 1293 1661 V

100 1721 191 1787 libris
224 1742 320 1810 quam
353 1723 499 1808 proxime
531 1722 683 1788 accedere
715 1729 748 1787 et
776 1722 811 1786 in
847 1722 922 1787 crisi
947 1721 1068 1807 dialogi
1092 1720 1294 1787 Ciceroniani

101 1843 278 1908 factitando
301 1844 435 1909 minime
459 1865 529 1909 ecee
553 1844 800 1931 neglegendum.
838 1844 880 1908 Et
904 1844 938 1908 in
963 1844 1150 1908 uniuersum
1163 1842 1293 1928 quidem

101 1971 206 2049 potest
237 1964 402 2029 obseruari
426 1965 496 2030 eiua
523 1986 652 2029 manum
677 1964 816 2050 priorem
841 1964 1002 2029 artissime
1026 1964 1197 2029 cohaerere
1221 1984 1294 2028 cum

100 2083 152 2161 Id,
178 2086 314 2150 alteram
339 2107 470 2150 manum
493 2106 566 2151 oum
587 2088 615 2151 P
635 2094 667 2151 ct
687 2083 730 2151 [ι’
750 2085 935 2169 codicibus,
955 2086 1040 2151 inter
1059 2107 1138 2172 quoe
1153 2084 1293 2149 medium

101 2205 167 2270 fere
199 2206 305 2270 locum
339 2207 464 2272 obtinet
498 2207 539 2274 V.
577 2207 732 2272 Plurimie
756 2207 841 2272 cnim
866 2208 945 2273 locia
969 2205 1014 2271 A¹
1041 2208 1128 2272 aolus
1153 2228 1226 2272 cum
1251 2205 1293 2272 Ιι1

100 2327 244 2391 seruauit
276 2328 448 2392 lectionem
482 2349 611 2411 ueram,
645 2328 677 2391 in
711 2329 844 2415 reliquia
875 2335 1069 2415 corruptam.
1106 2329 1192 2393 Aliis
1217 2350 1294 2394 uero

99 2446 177 2512 locis
207 2454 240 2513 ct
274 2446 319 2512 A¹
344 2456 377 2513 et
400 2448 441 2512 Ιι1
468 2448 603 2514 eandem
628 2449 749 2514 habent
772 2450 988 2536 corruptelam
1011 2471 1075 2536 qua
1098 2451 1126 2514 P
1149 2471 1223 2515 cum
1248 2449 1294 2514 Μ

99 2576 131 2634 et
155 2567 205 2645 11⁹,
230 2569 393 2634 interdum
418 2571 516 2635 etiam
542 2591 615 2636 oum
642 2570 681 2647 V,
707 2579 828 2637 carent.
853 2571 922 2637 Nec
944 2572 1039 2658 pauci
1059 2579 1135 2637 aunt
1154 2572 1217 2637 loci
1238 2572 1292 2636 ubi

98 2690 237 2755 editores
262 2691 407 2777 plerique
432 2691 551 2756 addicti
576 2692 712 2756 nimium
736 2693 770 2756 in
796 2693 925 2757 modum
950 2692 1104 2757 uidentur
1127 2693 1154 2757 P
1174 2692 1293 2757 codicia

97 2810 300 2893 auctoritati,
332 2819 364 2876 et
389 2810 430 2876 Ιιι
457 2818 490 2876 et
515 2810 559 2876 Α1
584 2812 676 2877 libria
702 2813 775 2899 plue
798 2813 873 2878 fidei
897 2813 930 2877 in
955 2822 1119 2900 porterum
1143 2835 1212 2878 eane
1237 2814 1293 2878 tri·

99 2931 260 2996 buendum
294 2954 483 3018 persuasum
516 2934 579 2998 eibi
613 2934 732 2999 habere
765 2934 939 3000 debebunt.
976 2934 1066 3021 Opne
1097 2945 1206 3000 autem
1231 2936 1294 3000 erit

97 3053 170 3117 orici
195 3053 333 3139 quadam
364 3055 557 3137 „eclectica”
584 3077 648 3140 qua
667 3056 745 3121 locie
767 3057 904 3141 cingulis
925 3057 1127 3140 cingulorum
1146 3057 1293 3121 codicum

96 3174 250 3240 lectiones
281 3176 455 3262 diligenter
488 3177 715 3242 examinentur
747 3186 780 3244 et
814 3181 906 3265 quasi
934 3179 1162 3265 ponderentur,
1187 3187 1223 3242 ut
1247 3180 1293 3244 sic

97 3295 227 3361 demum
251 3298 328 3383 quid
352 3319 480 3384 quoque
504 3299 574 3364 loco
598 3308 740 3385 praestet
764 3300 969 3365 diiudicetur.
1006 3300 1091 3364 Nam
1117 3309 1154 3363 ιιι
1178 3299 1218 3365 de
1243 3322 1291 3366 re·

97 3418 194 3503 liquia
226 3426 258 3482 et
290 3420 540 3497 recentioribus,
569 3422 625 3506 qui
649 3422 834 3487 cautissime
860 3442 919 3486 nec
943 3422 1006 3486 niei
1031 3421 1193 3487 rarissime
1216 3430 1295 3486 aunt

96 3539 290 3621 adhibendi,
316 3547 457 3605 taceam:
483 3543 596 3628 optimi
617 3542 654 3619 P,
668 3542 715 3618 L,
730 3541 770 3618 V,
784 3543 816 3606 Α
836 3542 962 3607 codices
984 3542 1117 3606 minime
1138 3543 1178 3606 ad
1192 3563 1292 3606 unum

94 3660 224 3747 aliquod
256 3663 422 3749 exemplar
453 3664 522 3728 aine
557 3664 623 3729 ullo
657 3664 831 3729 interuallo
863 3664 1018 3741 redeunt,
1050 3665 1106 3729 ced
1138 3664 1179 3729 ad
1210 3664 1292 3741 tria,

97 3790 131 3845 ut
163 3783 242 3846 mihi
277 3783 414 3865 uidetur,
450 3785 669 3871 exemplaria,
702 3785 826 3851 scilicet
857 3783 902 3849 Α1
927 3806 1001 3849 cum
1026 3783 1079 3860 L¹‚
1104 3784 1131 3848 P
1155 3805 1228 3850 cum
1252 3783 1292 3847 Ιι1

94 3911 127 3966 et
152 3901 209 3978 A&
236 3903 265 3966 V
290 3904 451 3968 interdum
476 3926 550 3970 cum
576 3906 630 3989 1³²,
655 3928 738 3993 quae
763 3907 826 3970 tria
848 3907 925 3971 olim
952 3913 1028 3970 aunt
1052 3905 1149 3970 ducta
1173 3924 1292 3969 exuno

94 4023 273 4109 eodemque
303 4025 496 4113 archetypo,
528 4027 560 4091 in
595 4049 658 4113 quo
682 4028 884 4114 corruptelae
908 4035 940 4092 et
964 4046 1094 4091 rasurae
1118 4024 1293 4090 nonnullae

94 4145 158 4208 iam
180 4144 333 4222 aderant,
355 4154 388 4210 et
409 4146 564 4212 lectiones
587 4149 698 4214 uariae
718 4149 842 4235 aliquot
858 4157 949 4213 erant
962 4147 1152 4232 adscriptae.
1177 4145 1293 4234 Itaque

95 4273 131 4327 ut
164 4264 360 4350 archetypon
392 4266 473 4332 illud
509 4268 601 4333 nobie
626 4278 702 4333 ante
726 4269 836 4334 oculoa
859 4269 980 4356 lingere
1004 4268 1186 4355 poscimus,
1209 4269 1292 4334 ratic

95 4392 144 4450 cat
177 4385 324 4451 habenda
351 4395 503 4472 quattuor
534 4389 647 4455 horum
672 4389 868 4473 P,n‚v‚n
892 4391 1072 4474 librorum,
1097 4390 1153 4456 aed
1185 4390 1232 4457 aio
1255 4398 1293 4456 ut
