3344 5236
814 351 854 416 18

237 539 375 606 nucerits
405 536 462 602 deo
491 536 583 603 fonds
616 535 706 602 Libri
738 541 771 601 et
794 535 941 618 Berroia,
968 557 1024 622 par
1049 534 1192 622 Ldopold
1218 535 1341 601 Delisle
1364 540 1427 601 cet.

237 661 340 726 Paris.
375 658 495 725 1888.”
531 658 604 724 Non
636 659 723 724 anim
760 664 930 723 contentus
967 663 1056 722 tanto
1091 664 1264 722 conatuum
1297 679 1426 724 suorum

238 788 358 848 euentu
389 781 449 845 Vir
474 780 717 845 Illustrissimus
741 780 923 865 catalogum
949 779 1111 864 integrum
1136 778 1325 844 breuissime
1349 785 1428 844 tem·

239 904 324 991 paria
348 903 451 991 spatio
475 903 508 966 in
534 902 638 966 lucem
663 901 785 977 emisit,
813 909 911 987 utque
936 920 1032 987 quam
1057 900 1225 965 celerrime
1247 899 1288 965 dc
1308 900 1428 966 eximio

239 1045 348 1090 eorum
373 1023 476 1111 pretio
499 1030 629 1110 possent
652 1022 795 1087 iudicare
820 1022 965 1087 homines
986 1021 1139 1106 litterati,
1161 1042 1310 1107 magnam
1331 1021 1428 1106 insig-

238 1146 364 1211 niorum
401 1144 546 1209 codicum
582 1152 705 1230 partem
743 1143 800 1207 uix
839 1164 877 1207 ax
912 1142 1034 1228 Anglia
1069 1143 1276 1208 aduectorum
1301 1143 1428 1230 publice

239 1265 418 1331 uisentibus
443 1264 593 1350 exposuit
616 1264 650 1328 in
675 1263 879 1328 Bibliotheca
904 1263 1061 1330 Parisina.
1077 1261 1103 1349 ¹)
1139 1264 1229 1329 Inter
1256 1285 1335 1351 quos
1360 1264 1429 1330 the-

238 1408 349 1453 sauros
380 1407 452 1451 cum
484 1392 641 1450 'autumno
674 1385 820 1471 proximo
854 1384 920 1449 uidi
945 1385 1086 1451 codicem
1113 1386 1370 1472 antiquissimum
1395 1392 1430 1451 et

239 1507 490 1594 pulcherrimum
526 1506 581 1592 qui
605 1505 769 1570 (liceronis
794 1505 949 1570 Catonern
971 1505 1126 1570 Maiorem
1151 1506 1314 1582 continet,
1340 1527 1429 1593 mag·

240 1649 316 1694 num
342 1628 421 1692 mihi
445 1633 494 1692 est
518 1636 623 1691 ortum
649 1627 844 1692 desiderium
869 1648 943 1692 eum
968 1627 1086 1690 librum
1107 1627 1287 1692 accuratius
1308 1628 1429 1692 exami-

240 1749 358 1826 nandi,
385 1754 420 1812 ut
451 1748 682 1832 inuestigarem
714 1748 821 1835 siquid
853 1747 929 1812 noui
960 1747 1000 1812 ad
1031 1747 1231 1812 emendanda
1266 1745 1429 1817 Ciceronis

240 1871 340 1937 uerba
369 1870 445 1935 inde
475 1891 600 1956 possem
624 1869 753 1935 lucrari.
786 1870 879 1946 Quod
903 1877 1072 1957 postquam
1095 1871 1331 1935 communicaui
1354 1892 1427 1936 aum

241 1991 463 2058 Bibliothecae
495 1991 661 2056 Praefecto
693 1992 745 2056 cui
778 1993 818 2056 ob
852 1993 943 2057 uaria
975 1999 1007 2057 et
1038 2012 1156 2077 magna
1178 1993 1211 2055 iu
1236 2013 1288 2057 me
1312 1993 1430 2058 collata

241 2112 397 2178 beneficia
421 2119 487 2178 toto
511 2118 641 2197 pectore
665 2132 751 2176 eram
773 2111 965 2192 obstrictus,
987 2113 1101 2177 melius
1123 2113 1219 2177 etiam
1238 2134 1335 2199 quam
1356 2135 1429 2202 spe-

241 2255 312 2300 rare
347 2240 490 2320 poteram
526 2232 642 2296 studiis
679 2232 758 2297 meis
793 2233 903 2297 statim
935 2242 984 2297 cst
1015 2233 1207 2298 consultum.
1245 2233 1308 2298 Vix
1343 2235 1429 2300 enim

240 2354 331 2421 libris
366 2355 494 2442 publice
529 2354 685 2440 expositis
708 2363 815 2419 cartus
838 2354 871 2419 in
896 2353 1100 2420 Bibliotheca
1122 2355 1211 2420 loeus
1239 2354 1301 2419 fuit
1324 2356 1429 2443 adsig-

241 2483 355 2556 natus,
379 2483 412 2541 et
435 2476 600 2561 catalogus
625 2475 897 2562 typographorum
922 2475 1082 2540 officinam
1105 2475 1254 2562 reliquit,
1275 2497 1347 2542 cum
1361 2498 1430 2564 pra·

240 2596 432 2662 tiosissimus
456 2596 557 2660 codex
581 2596 808 2661 liberalissima
839 2595 1036 2682 Lugdunum
1068 2596 1108 2660 ad
1140 2617 1191 2661 me
1223 2597 1339 2662 missus
1363 2604 1429 2682 est,

240 2718 296 2783 ubi
325 2739 382 2805 per
416 2717 516 2782 otium
549 2737 623 2781 eum
656 2725 808 2783 excutere
840 2717 943 2782 licuit.
981 2716 1045 2783 Pro
1069 2738 1132 2804 quo
1156 2738 1240 2783 nouo
1263 2717 1297 2781 iu
1323 2739 1374 2783 me
1398 2726 1431 2783 et

239 2839 475 2906 Bibliothecam
508 2845 648 2905 nostram
681 2839 891 2925 benignitatis
923 2838 1107 2904 testimonio
1138 2839 1198 2905 hoc
1231 2838 1329 2903 etiam
1359 2840 1430 2906 loeo

210 2944 213 2949 ’
240 2962 361 3048 gratias
386 2961 527 3027 sinceras
550 2961 629 3028 Viro
657 2983 782 3027 summo
805 2960 913 3028 offero.

287 3082 396 3151 (lodex
427 3090 535 3147 autem
571 3083 629 3149 ille
652 3082 1072 3149 Ashburnhamensis
1095 3042 1181 3149 nunc
1206 3039 1433 3151 Parisinus

240 3204 462 3271 Bibliothecae
497 3204 560 3270 Rei
596 3205 751 3270 Publicae
787 3204 933 3272 Gallicae
965 3205 1100 3271 Latinus
1130 3207 1232 3271 Nouo.
1265 3227 1332 3293 aeq.
1368 3208 1433 3272 454

240 3328 319 3415 (aeq.
356 3328 463 3411 8010,
496 3327 590 3392 Libri
621 3330 688 3410 21),
721 3328 838 3392 citatus
870 3328 903 3392 in
929 3327 1056 3392 Dalislii
1080 3328 1226 3414 catalogo
1249 3349 1346 3416 quem
1368 3328 1434 3393 iam

241 3449 407 3515 nominaui
439 3450 500 3514 sub
533 3453 576 3512 n0.
612 3448 692 3513 XLI
715 3449 802 3535 (pag.
829 3450 870 3512 58
895 3449 967 3535 sq.),
993 3447 1097 3513 forma
1119 3469 1217 3535 quam
1240 3448 1377 3514 dicimus
1400 3449 1434 3514 in

241 3578 356 3657 quarto
379 3570 516 3653 maiore,
541 3569 597 3635 alt.
624 3569 708 3652 240,
732 3569 788 3634 lat.
814 3569 879 3633 200
899 3591 942 3633 m.
961 3569 1045 3657 (ipso
1066 3576 1173 3634 autam
1195 3576 1348 3634 contextu
1366 3569 1437 3636 sine

241 3691 442 3778 marginibus
475 3689 532 3755 alt.
569 3691 651 3766 180,
681 3689 736 3753 lat.
772 3691 835 3754 132
863 3692 920 3775 m.)
950 3690 1088 3777 scriptus
1112 3697 1161 3755 est
1184 3711 1242 3778 per
1265 3697 1436 3756 extensum

242 3813 379 3899 singulis
403 3811 498 3877 lineis
522 3832 584 3876 non
608 3811 788 3895 intercisis,
812 3812 845 3876 in
871 3812 1059 3878 membrana
1083 3812 1234 3898 pulchra,
1255 3812 1371 3878 coloris
1390 3812 1435 3876 al·

242 3934 309 3998 bidi
332 3933 476 4009 sufflavi,
502 3932 623 4019 optime
647 3933 775 4018 pumice
795 3934 956 4020 expolita,
977 3934 1105 3999 saeculo
1126 3953 1209 3999 nono
1231 3928 1435 4011 fere'medio,

242 4056 359 4121 litteris
395 4054 585 4119 minusculis
623 4054 757 4133 erectis,
793 4056 826 4119 in
861 4054 965 4119 titulis
995 4075 1073 4118 uero
1107 4053 1225 4119 litteris
1249 4053 1437 4120 maiusculis

247 4199 399 4206 -——-

278 4278 305 4343 1)
334 4277 370 4326 Ci.
392 4275 494 4326 ‚Notice
514 4273 570 4324 d'un
588 4274 657 4324 choix
675 4275 703 4322 da
720 4273 864 4323 manuscrits
881 4273 921 4322 das
939 4273 1008 4322 fonds
1025 4272 1090 4322 Libri
1108 4276 1132 4321 rt
1149 4271 1249 4321 Berroia
1266 4270 1363 4338 exposta
1379 4273 1439 4321 daus

244 4359 267 4410 la
283 4360 342 4410 salle
359 4360 391 4408 du
409 4359 525 4407 Parnasae
543 4357 644 4422 franceis
663 4353 703 4425 [dc
721 4356 744 4405 la
762 4355 931 4419 Bibliolhique
949 4354 1097 4421 Nationalc}
1116 4355 1192 4404 Paria.
1212 4354 1295 4404 1888”
1313 4356 1338 4402 ct
1355 4354 1394 4404 W.
1405 4355 1439 4406 N.

244 4442 275 4492 du
293 4440 354 4490 llicu
371 4440 397 4489 iu
417 4441 466 4489 ‚Dc
485 4438 676 4489 Nedarlandache
694 4437 843 4505 Spectator,''
863 4439 940 4498 1888,
960 4437 995 4487 n0.
1014 4439 1055 4488 48.
