3344 5236
974 309 1016 375 la

401 489 504 556 dicem
536 490 622 557 hune
654 491 836 557 Parisinum
863 491 1004 576 attinet,
1032 490 1142 579 paucis
1165 490 1218 557 hio
1242 489 1348 557 citabo
1371 509 1454 578 quae
1477 490 1519 556 ob
1541 511 1590 556 ra·

398 614 501 679 tiones
531 613 814 701 palaeographicae
842 613 997 680 uidentur
1020 612 1251 679 memorabilia
1292 610 1443 679 Oodioam
1468 612 1590 699 signiti-

397 735 476 802 oabo
499 757 556 823 por
580 734 611 801 A
634 736 877 824 compendium:
903 758 1032 802 manum
1058 735 1196 823 priorem
1221 756 1278 822 per
1302 733 1359 820 A¹‚
1383 734 1518 800 alteram
1532 755 1590 821 per

398 856 454 923 A’.
489 857 632 944 Paginaa
655 866 689 923 et
711 859 816 925 lineae
841 860 959 925 citatae
981 863 1057 925 sunt
1080 857 1231 924 editionis
1255 854 1291 925 O.
1313 856 1349 922 F.
1372 856 1426 922 W.
1440 856 1585 937 Mutari,

397 979 545 1066 Lipsiae,
568 979 601 1044 in
626 978 759 1046 aedibus
783 979 820 1045 B.
846 979 887 1047 G.
910 979 1091 1064 Teubneri,
1120 976 1496 1046 unoccnxxxvlss.

443 1098 663 1186 capitales
698 1101 827 1168 litterae
860 1101 1030 1167 imitantur
1060 1100 1300 1188 antiquissimae
1331 1100 1517 1177 Romanas3
1548 1099 1590 1166 ef.

397 1221 525 1288 Delislii
561 1222 626 1288 tab.
650 1221 679 1288 1.
703 1260 745 1271 -
769 1222 798 1288 Ε
822 1230 871 1288 ost
893 1223 911 1287 Ι
932 1222 1117 1301 simillima,
1140 1221 1196 1310 qui
1219 1221 1401 1288 uberrimus
1424 1227 1474 1288 ast
1498 1241 1587 1286 meu·

398 1340 510 1407 dorum
535 1342 623 1420 fons,
648 1364 711 1409 non
735 1343 892 1409 salumin
918 1343 1129 1430 capitalibus,
1159 1363 1272 1408 uerum
1296 1342 1394 1409 etiam
1419 1348 1532 1430 postea
1554 1341 1589 1406 in

398 1463 605 1542 minusculis,
630 1471 666 1530 ut
691 1465 839 1552 exempla
862 1464 947 1530 infra
970 1465 1131 1532 docebunt
1149 1465 1300 1552 plurima.
1335 1463 1373 1529 In
1397 1464 1588 1530 minusculis

398 1591 506 1651 autem
537 1585 655 1651 litteris
677 1585 857 1652 initialibus
886 1607 968 1674 quae
991 1587 1044 1652 hic
1068 1587 1136 1653 illic
1159 1586 1389 1664 inueniuntur,
1415 1585 1444 1651 Il
1467 1585 1515 1650 ita
1539 1591 1589 1651 aet

398 1705 518 1793 scripta
542 1715 578 1771 ut
601 1707 642 1772 ab
667 1706 681 1771 1
705 1707 834 1774 decerni
858 1728 954 1794 aegre
977 1708 1087 1795 possit

442 1828 587 1894 Litterae
611 1828 803 1894 unciales
827 1828 962 1916 quaein
984 1829 1088 1895 titulis
1108 1829 1226 1916 passim
1247 1827 1451 1903 adhibentur,
1465 1827 1588 1913 optime

398 1955 474 2014 sunt
498 1948 731 2036 comparandae
754 1970 826 2015 oum
852 1949 977 2016 Delialii
1001 1949 1067 2016 tab.
1091 1949 1143 2034 11,
1167 1957 1200 2016 et
1225 1956 1463 2036 cognoscuntur
1485 1968 1528 2014 ax
1549 1973 1587 2019 eo

398 2070 483 2158 quod
507 2076 583 2137 sunt
606 2071 839 2158 antiquissimis
864 2071 1017 2137 Romanis
1044 2071 1283 2154 concinniores,
1308 2071 1411 2158 magis
1434 2073 1585 2141 artificio·

398 2213 454 2258 saa
478 2200 509 2259 et
533 2193 731 2279 exquisitae,
755 2201 788 2259 et
811 2201 848 2259 ut
872 2194 918 2258 ita
942 2192 1064 2276 dicam,
1089 2192 1294 2279 ponderosae.

445 2314 483 2379 In
507 2314 763 2381 minusculis
786 2314 904 2380 litteris
928 2335 949 2379 c
972 2313 1124 2380 scribitur
1147 2329 1196 2397 a,
1221 2313 1383 2380 interdum
1396 2337 1436 2401 ⁸3
1457 2316 1588 2403 saepius

401 2455 476 2501 uero
510 2457 530 2501 u
554 2435 758 2522 Carolingica
781 2456 862 2523 quse
886 2457 914 2501 cr
938 2437 990 2501 uel
1014 2458 1047 2501 oc
1070 2442 1119 2501 est
1145 2435 1320 2501 simillima.
1347 2472 1389 2486 -
1414 2457 1430 2502 c
1455 2437 1587 2525 saepius

399 2578 471 2623 oum
496 2557 616 2622 lineola
639 2557 770 2645 obliqua
792 2563 941 2623 accurate
964 2557 1181 2645 superscripta
1199 2561 1236 2642 θ’,
1261 2557 1301 2622 cf.
1342 2557 1585 2625 Wattenbaohii

402 2679 601 2765 ,Auleituug
621 2701 677 2744 aur
696 2679 806 2744 latein.
829 2678 1103 2767 Palaeograpbie’'
1124 2678 1201 2746 edit.
1222 2684 1262 2763 4,
1283 2700 1357 2767 pag.
1377 2682 1439 2765 48,
1459 2681 1481 2744 l.
1497 2681 1527 2745 7.
1543 2718 1584 2731 -

399 2822 453 2884 aa,
475 2822 519 2877 ω,
540 2821 573 2885 a,
593 2822 610 2883 a
629 2801 719 2866 nullo
741 2801 926 2868 discrimine
945 2801 1130 2867 scribuntur
1145 2800 1179 2887 ¹),
1199 2821 1227 2866 a.
1240 2823 1271 2887 g.
1291 2800 1458 2867 inuenitur
1478 2808 1587 2880 cotue,

400 2927 481 3006 ctos,
506 2928 586 3003 otas,
612 2921 710 2987 immo
735 2928 768 2988 et
791 2924 858 2988 <tua
880 2930 913 2988 et
935 2925 1032 2988 odos.
1060 2959 1100 2972 -
1124 2921 1315 2988 liutardum
1339 2922 1469 2988 litterae
1496 2944 1590 3010 prae·

399 3042 525 3108 cedenti
549 3051 598 3108 est
621 3042 820 3129 subscripta,
845 3042 949 3109 ueluti
971 3063 1051 3155 opp,
1074 3043 1183 3158 uides,
1211 3045 1333 3159 obesos
1377 3039 1461 3109 Item
1484 3043 1531 3110 A²
1554 3043 1590 3110 in

399 3205 496 3292 gloss.
521 3205 561 3271 ad
585 3205 638 3272 fol.
670 3206 767 3274 10'1.
796 3209 836 3271 14
860 3229 903 3273 m.
929 3208 1055 3285 c=oi,
1079 3206 1133 3274 fol.
1159 3209 1189 3271 3⁴
1212 3207 1235 3272 1.
1260 3206 1281 3272 2
1305 3139 1466 3291 turribus.
1497 3208 1591 3275 -N

399 3339 547 3426 capitalis
579 3339 766 3427 saepissime
798 3340 831 3405 in
865 3299 978 3408 mediis
1014 3341 1199 3427 uocabulis,
1225 3361 1284 3406 neo
1308 3341 1415 3407 minus
1438 3341 1472 3407 in
1495 3342 1590 3409 initio

399 3466 432 3525 et
461 3460 496 3524 in
530 3460 611 3527 dne:
636 3463 780 3547 ruimus,
805 3470 935 3546 acuatu,
961 3481 1037 3541 uso,
1061 3481 1115 3528 ou.
1153 3461 1206 3528 Sic
1229 3460 1275 3527 A²
1299 3479 1442 3550 quoque:
1467 3464 1591 3550 iuquit,

399 3583 544 3648 ineuntis.
587 3621 621 3631 -
647 3604 666 3648 r
690 3583 852 3649 interdum
877 3583 1027 3649 scribitur
1051 3602 1094 3661 a,
1119 3583 1306 3669 praesertim
1330 3584 1359 3649 si
1381 3584 1592 3671 coniungitur

400 3729 473 3775 oum
493 3727 529 3778 o:
551 3724 597 3774 oa
617 3728 689 3773 cum
710 3705 828 3771 lineola
848 3705 944 3770 ducta
965 3726 1021 3790 per
1041 3723 1082 3788 a,
1106 3702 1331 3791 compendium
1343 3726 1400 3792 pro
1413 3725 1531 3770 orum.
1549 3742 1589 3755 -

399 3831 646 3900 Conlunduntur
676 3830 761 3894 inter
796 3849 830 3894 se
860 3835 932 3894 set
954 3829 967 3893 i
989 3827 1240 3914 saepissime,p
1265 3834 1297 3893 et
1322 3849 1341 3893 r
1363 3827 1417 3894 iol.
1444 3828 1474 3892 'l‘
1498 3828 1520 3894 l.
1547 3830 1589 3894 26

399 3963 433 4022 et
457 3957 497 4019 27
524 3953 650 4019 acoirito
674 3958 707 4018 et
730 3951 837 4016 ortimi
859 3970 915 4037 pro
942 3950 1072 4034 aecipite
1094 3955 1127 4014 at
1151 3949 1261 4034 optimi
1283 3950 1376 4032 (corr.
1401 3944 1472 4034 A').
1504 3948 1589 4015 Item

402 4098 422 4142 u
452 4084 486 4142 at
515 4096 553 4141 o:
581 4075 718 4140 lacman
741 4092 798 4160 pro
822 4072 970 4155 boertos,
995 4071 1123 4136 locotus
1146 4090 1203 4158 pro
1226 4071 1359 4136 mutos.
1386 4107 1428 4120 —
1452 4092 1475 4136 o
1497 4079 1531 4137 at
1553 4093 1591 4139 o:

435 4323 458 4383 1)
476 4322 556 4387 Quare
578 4316 672 4382 ringula
694 4314 766 4365 narba
788 4329 846 4363 oum
866 4329 895 4363 aa
920 4313 959 4363 uel
976 4329 989 4363 a
1005 4315 1048 4363 aut
1064 4328 1076 4378 ς
1093 4314 1183 4379 scripta
1200 4314 1226 4364 in
1242 4313 1368 4364 collatione
1385 4315 1492 4365 indicare
1509 4315 1588 4376 nolui,

400 4403 445 4454 nisi
462 4403 492 4453 iis
510 4407 605 4454 tantum
622 4401 680 4451 locis
698 4397 738 4448 ubi
755 4398 784 4446 do
801 4411 885 4446 eorum
902 4395 1021 4461 scripturn
1040 4396 1177 4460 ambigitur.
