3344 5236
826 315 869 378 40

249 494 291 560 L¹
308 502 341 560 et
361 492 417 571 Α),
445 494 638 579 praesertim
659 494 714 559 ubi
736 494 920 580 oonspiront
940 514 1013 559 oum
1035 491 1084 577 V,
1104 493 1232 579 saepius
1253 512 1443 579 sequemur,

250 637 334 682 neue
358 617 458 681 nimio
483 637 540 681 nos
565 624 672 682 tenest
693 617 808 702 religio
828 615 922 700 libri,
943 622 976 681 et
996 615 1136 701 primurn
1157 614 1323 701 etoptime
1336 615 1443 702 eogni·

249 744 302 802 tus
334 738 391 824 qui
421 738 501 821 fuit,
532 737 656 803 soilioet
688 737 808 803 oodiois
843 737 881 814 P,
905 758 1001 824 quem
1026 743 1135 800 tomen
1168 736 1247 801 loeis
1279 735 1366 801 houd
1396 736 1443 800 ito

247 858 360 944 pausis
383 858 613 944 interpolatum
639 858 703 923 ism
724 878 795 924 esse
814 858 926 945 negari
946 857 1068 944 nequit.
1102 854 1202 922 Cuius
1222 856 1269 922 rei
1291 858 1442 943 exemplo

248 980 406 1043 nonnullo
429 979 482 1045 hio
505 978 659 1045 odiorum.

296 1243 368 1308 pag.
391 1233 466 1286 133
492 1225 528 1286 ll
553 1224 592 1304 (o.
614 1223 631 1287 Ι
650 1225 668 1308 ξ
688 1221 720 1301 2)
741 1224 847 1288 uellim
867 1223 912 1299 L,
935 1223 991 1288 ΔΕ
1011 1224 1105 1288 uelim
1118 1222 1172 1288 L².
1184 1223 1297 1288 uellem
1315 1221 1440 1308 reliqui.

295 1354 370 1407 1³2
403 1346 441 1407 21
483 1343 511 1427 (I
537 1345 569 1430 3)
594 1352 628 1408 ut
652 1346 751 1409 aristo
774 1344 863 1410 chius
886 1345 933 1428 L,
960 1343 1016 1423 ᾼῙ,
1043 1344 1106 1409 duo
1130 1365 1173 1409 ex
1196 1344 1438 1410 recentioribus.

245 1471 301 1528 aut
324 1466 424 1529 arieto
448 1465 487 1549 P,
511 1464 564 1531 ΑΙ.
588 1473 623 1529 ut
646 1467 819 1532 aristoteles
842 1465 884 1548 V,
908 1473 969 1531 oet.

294 1596 371 1649 133
396 1585 438 1649 12
463 1586 511 1668 (ΙΙ
536 1587 568 1669 t)
594 1609 690 1674 quam
712 1591 741 1652 ei
764 1590 979 1672 oetopeeimum
1003 1585 1057 1670 ΙΙ,
1083 1585 1138 1670 A¹,
1163 1585 1217 1671 P²,
1240 1587 1308 1652 ood.
1335 1588 1438 1652 Puris.

249 1709 372 1780 14699,
400 1728 483 1773 seeo.
509 1708 569 1774 XI.
588 1748 621 1756 -
642 1712 670 1774 ei
694 1709 847 1774 omittunt
870 1706 923 1792 L²,
947 1708 1005 1791 A2,
1035 1708 1081 1785 P,
1105 1708 1137 1773 V
1162 1709 1328 1793 (ortopiutu
1354 1707 1440 1794 opud

247 1826 419 1911 Dohlium,
440 1828 494 1912 II,
517 1849 592 1915 pag.
615 1830 656 1892 19
679 1829 872 1916 typographi
885 1849 973 1894 error
985 1828 1116 1893 uidetur
1127 1849 1185 1914 pro
1196 1829 1439 1914 ootopesimum).

293 1960 370 2014 134
392 1952 433 2013 23
456 1950 521 2036 (ΙΙΙ
543 1951 576 2036 8)
599 1951 684 2016 istud
703 1951 750 2034 L,
764 1949 821 2034 ΑΙ,
834 1950 919 2037 quod
931 1951 1099 2016 confirmat
1112 1950 1287 2015 auotoritas
1299 1949 1440 2015 Charisii

248 2093 277 2157 p.
306 2072 391 2155 208,
420 2074 459 2136 17
485 2072 528 2137 Κ.
553 2074 631 2137 istuc
655 2072 693 2149 P,
719 2071 774 2155 A’,
798 2073 924 2159 reliqui.

292 2203 370 2257 134
405 2195 446 2257 27
474 2193 539 2279 (ΙΙΙ
563 2195 596 2277 8)
622 2196 650 2258 ei
672 2214 726 2278 epo
752 2194 918 2278 Seriphius
941 2216 1055 2276 essem,
1080 2216 1135 2260 uuo
1158 2195 1245 2259 tusi
1268 2194 1439 2260 Athenien·

241 2316 285 2380 eie
319 2315 411 2399 (essee
447 2314 487 2397 V,
514 2315 618 2379 Puris.
647 2316 775 2397 13340,
801 2335 884 2380 seeo.
911 2315 993 2401 XII)
1017 2317 1125 2381 durus
1148 2336 1299 2402 umquem
1315 2318 1440 2400 fuisses

241 2434 295 2518 L',
328 2434 369 2512 V,
404 2435 453 2513 A,
486 2437 588 2502 Poris.
624 2437 744 2500 13340.
769 2438 798 2501 si
820 2457 873 2521 epo
897 2437 1065 2521 Seriphius
1088 2458 1183 2503 esrem
1205 2437 1360 2523 ipuohilis,
1383 2459 1440 2502 uec

241 2563 277 2621 tu
307 2559 336 2621 si
368 2558 569 2623 Atheniensis
600 2578 679 2623 esses
710 2558 818 2622 elurue
846 2578 995 2643 umquam
1031 2559 1145 2642 fuieseo
1168 2555 1222 2636 L’,
1246 2559 1285 2635 P,
1309 2557 1434 2644 reliqui.

113 2678 116 2682 ’
242 2675 291 2741 De
311 2678 427 2762 glossis
452 2678 594 2763 ipuohilis
613 2685 646 2743 et
666 2698 747 2742 esses
765 2677 805 2744 of.
828 2698 911 2764 quoe
927 2699 1025 2765 supro
1045 2678 1210 2766 disputnui
1230 2701 1302 2766 pog.
1325 2682 1345 2744 8
1367 2702 1437 2767 sqq.

288 2809 365 2864 133
402 2802 438 2862 ll
474 2798 537 2883 (IV
572 2799 623 2877 10)
662 2800 815 2880 Quaestor
845 2783 956 2864 deiude
987 2800 1099 2865 aedilis
1134 2800 1345 2887 quadriennio
1365 2809 1438 2886 post

239 2923 345 3004 suetus
367 2940 437 2984 sum
460 2926 593 3003 praetor
616 2919 654 3002 P,
681 2918 722 3003 V,
746 2919 960 2998 recentiores,
982 2918 1022 2984 [ι’
1042 2929 1076 2987 et
1095 2920 1140 2986 Al
1160 2922 1194 2985 in
1207 2943 1308 3008 marg.
1333 2921 1437 2987 Omit-

240 3047 314 3105 tunt
333 3040 445 3105 deiude
447 3087 570 3105 ......
590 3047 722 3127 praetor
741 3038 782 3105 L¹
803 3049 836 3106 et
856 3040 912 3125 Al,
935 3048 968 3106 ot
980 3042 1026 3107 sio
1039 3042 1167 3106 sanauit
1180 3043 1284 3108 looum
1300 3043 1436 3108 Momm·

240 3183 336 3226 senus
359 3161 415 3247 qui
440 3161 533 3226 doote
556 3161 698 3226 ostendit
721 3162 892 3228 leotionem
919 3163 1063 3227 oodioum
1089 3164 1127 3240 P,
1149 3170 1210 3228 oet.
1232 3164 1273 3229 ob
1294 3165 1436 3230 rationes

239 3282 409 3348 historious
433 3282 564 3347 tolerari
589 3304 653 3347 non
678 3303 790 3369 posse,
815 3291 848 3348 et
871 3283 982 3349 aedilis
1007 3291 1039 3349 et
1058 3291 1194 3371 praetor
1219 3284 1433 3351 noosbuloox

240 3404 427 3490 glossatoris
451 3403 581 3489 ingenio
606 3425 677 3469 osse
700 3404 821 3469 addito.
857 3404 950 3479 Quod
974 3405 1165 3470 oonfirmsnt
1188 3406 1217 3470 L
1240 3413 1273 3470 et
1301 3406 1342 3471 A.

286 3535 364 3589 133
392 3527 411 3588 9
445 3524 489 3608 (V
515 3526 568 3602 13)
589 3546 723 3611 quorsus
743 3523 790 3590 Α*
808 3526 842 3589 in
857 3546 968 3611 marg,
989 3532 1026 3590 ut
1045 3547 1157 3591 omnes
1169 3527 1295 3592 oodioos
1307 3535 1435 3615 praetor

238 3645 341 3712 Poris.
379 3648 505 3710 14699:
543 3666 711 3732 quorsum,
744 3646 829 3732 qnod
853 3646 988 3712 fortasse
1012 3647 1074 3712 fuit
1098 3647 1131 3712 in
1156 3648 1340 3736 archetypo.
1367 3649 1432 3714 A¹:

238 3788 387 3850 cursum,
411 3767 476 3832 A²z
502 3787 643 3853 pureum.

283 3899 361 3953 138
395 3890 436 3952 27
475 3887 535 3971 (Vl
567 3889 622 3970 20)
647 3908 714 3952 rem
737 3893 859 3952 tuntum
882 3887 934 3973 1.¹,
960 3887 1017 3954 ΑΙ.
1042 3890 1288 3975 rempublicam
1310 3897 1432 3956 tautum

238 4009 362 4096 reliqui.
401 4009 503 4074 Recte
527 4008 617 4073 deest
639 4008 797 4092 publicum
823 4009 929 4075 iudice
954 4012 1163 4078 Mommseno.

283 4131 360 4196 ibid.
395 4132 437 4195 28
470 4139 505 4195 ut
530 4131 563 4194 iu
587 4132 696 4195 uueuii
720 4130 806 4216 (ueui
828 4129 874 4216 Α)
893 4139 1006 4216 poetae
1030 4133 1104 4198 ludo
1129 4133 1179 4217 L',
1206 4133 1246 4198 A.
1271 4142 1307 4198 ut
1332 4142 1377 4199 eet
1399 4137 1434 4200 iu

237 4253 323 4318 ueuii
344 4252 514 4336 posteriori
537 4251 616 4317 libro
641 4251 728 4336 (ludo
753 4252 787 4316 in
812 4255 928 4339 marg.)
951 4253 987 4339 P,
1014 4256 1219 4321 recentiores.
1242 4263 1278 4319 ut
1302 4258 1334 4320 irt
1347 4258 1434 4322 neuii

233 4374 405 4457 posteriori
428 4372 507 4438 libro
534 4372 574 4437 V.
598 4370 646 4438 cl.
674 4372 777 4456 Dshl,
803 4374 818 4437 l
844 4396 875 4460 p.
905 4376 1021 4452 16311
1049 4398 1080 4462 p.
1106 4363 1158 4442 2'3.
