3344 5236
818 349 840 411 9

238 534 286 595 est
313 535 385 617 post
416 529 580 594 Baiternm
615 550 686 595 esse
717 535 822 594 ortum
856 528 1049 594 desiderium
1074 528 1189 614 ingens
1214 526 1422 613 recuperandi

237 649 369 715 alterius
405 649 475 715 eius
513 650 589 715 libri
621 649 675 736 qui
707 650 814 736 glossa
843 650 1048 736 ignobilis
1083 657 1116 715 et
1150 670 1170 713 a
1206 648 1311 735 priore
1346 654 1380 713 et
1408 668 1429 713 a

236 772 410 859 posteriore
451 794 547 837 manu
586 793 715 858 prorsus
756 777 889 838 careret.
934 771 1030 836 Hune
1064 770 1228 836 invenisse
1266 770 1329 834 sibi
1364 770 1426 834 uisi

237 902 311 960 sunt
342 895 402 960 sub
434 895 544 961 eodem
580 895 646 960 iere
671 900 813 981 tempore
838 901 870 960 et
895 893 1032 959 Dahlius
1057 901 1089 959 et
1114 891 1293 958 Gemollius
1319 892 1352 956 in
1376 911 1427 956 oo-

236 1017 306 1083 dioe
338 1017 490 1083 Leidensi
514 1017 672 1082 Vossiano
694 1017 766 1085 Lat.
790 1017 823 1081 in
849 1023 911 1082 oot.
938 1019 999 1094 79,
1022 1016 1079 1081 ubi
1102 1015 1156 1081 fol.
1184 1014 1311 1079 1‘-27'
1334 1013 1426 1079 libel·

235 1139 287 1203 lus
317 1138 356 1204 ds
387 1146 554 1204 senectute
580 1147 630 1204 est
652 1138 790 1225 scriptus
814 1139 960 1221 saeculo,
984 1160 1048 1203 non
1074 1145 1109 1203 ut
1132 1138 1182 1202 illi
1206 1137 1351 1204 iudioant
1374 1136 1425 1219 X,

237 1259 292 1325 sed
316 1260 384 1325 IX:
410 1259 442 1324 id
466 1260 551 1347 quod
577 1260 673 1325 oertis
697 1261 896 1346 argumentis
919 1266 1024 1347 potest
1048 1259 1258 1326 demonstrari
1279 1258 1427 1345 quodque

236 1382 457 1471 oomprobauit
486 1383 538 1447 nir
561 1384 593 1446 in
621 1383 716 1448 rebus
740 1381 1015 1469 palaeographiois
1040 1381 1125 1445 haud
1150 1379 1267 1445 dubiae
1290 1376 1429 1443 auotori-

236 1505 312 1570 tatis
335 1503 429 1571 Aem.
455 1503 644 1582 Chatelain,
676 1504 732 1590 qui
763 1503 795 1568 in
829 1502 958 1589 egregio
981 1524 1039 1568 suo
1063 1503 1146 1568 libro
1173 1500 1427 1587 ,Paleographie

236 1625 291 1692 (les
323 1625 498 1712 classiques
532 1623 667 1690 Latins’'
701 1626 766 1691 tab.
790 1625 870 1690 XLI
895 1625 1057 1711 speoimen
1081 1623 1170 1688 illius
1196 1622 1315 1689 oodiois
1339 1621 1428 1687 dedit

236 1747 498 1833 puloherrimum.

280 1868 457 1955 Aptissima
489 1875 597 1934 autem
630 1868 782 1934 oonuenit
812 1867 840 1932 is
872 1868 975 1934 oodex
1005 1889 1079 1932 oum
1110 1868 1212 1932 altero
1235 1867 1293 1932 illo
1316 1871 1428 1932 uetere
1498 1879 1502 1884 ’

238 1990 401 2055 Danielis:
435 1997 484 2054 est
507 1990 593 2054 enim
618 1996 743 2055 uetus
775 1990 905 2055 sodex
931 1996 964 2055 et
986 2010 1070 2054 unus
1094 1990 1201 2076 glossa
1224 1989 1429 2076 ignobilia
1481 2052 1483 2055 .

238 2117 270 2177 et
303 2111 337 2175 in
371 2110 442 2198 ipso
478 2102 648 2176 uerborum
685 2116 839 2176 contextu
874 2119 908 2176 st
942 2111 975 2175 in
1012 2111 1157 2197 margine
1188 2118 1285 2176 earet.
1321 2109 1429 2185 Quare

238 2233 307 2299 iure
337 2232 488 2298 statuisse
522 2233 602 2298 mihi
633 2232 786 2297 uidentur
816 2232 879 2298 duo
910 2233 935 2297 ii
966 2232 1028 2298 uiri
1053 2232 1138 2299 dooti
1163 2231 1357 2299 Vossianum
1385 2234 1426 2297 te

186 2387 189 2392 ·
239 2353 318 2439 (ood.
344 2352 387 2438 V)
421 2374 491 2419 esse
522 2354 627 2440 ipsum
660 2353 751 2418 illum
780 2352 924 2419 Danielis
947 2354 1066 2419 librum
1091 2376 1110 2419 a
1134 2355 1280 2420 Puteano
1305 2354 1428 2420 adhibi-

238 2480 318 2539 tum.
353 2475 437 2540 Nam
462 2474 547 2561 quod
571 2475 688 2541 Petrus
713 2476 829 2542 Daniel
854 2497 932 2553 non,
957 2483 993 2541 ut
1005 2476 1319 2561 adsolebat,nomen
1332 2498 1425 2543 suum

237 2595 399 2682 inscripsit
422 2595 454 2660 in
479 2596 554 2662 libri
579 2596 700 2680 fronte,
726 2618 789 2662 non
814 2604 863 2662 est
886 2597 971 2684 quod
992 2598 1089 2663 nimis
1109 2620 1167 2663 nos
1188 2606 1333 2675 moueat:
1355 2621 1429 2664 oon·

237 2723 300 2782 stat
332 2717 417 2783 enim
450 2725 483 2782 et
514 2718 595 2783 alios
619 2717 775 2805 quosdam
800 2718 899 2783 libros
923 2718 992 2783 eius
1016 2718 1232 2785 bibliothecae
1256 2719 1301 2784 sie
1326 2718 1366 2783 ab
1390 2739 1429 2785 eo

236 2838 407 2925 insignitos
439 2861 502 2904 non
532 2860 620 2922 esse,
652 2839 756 2905 ueluti
788 2839 960 2907 Seruianos
992 2840 1116 2927 aliquot
1151 2840 1184 2904 in
1218 2838 1429 2905 Bibliotheois

238 2958 393 3024 Bernensi
417 2966 450 3024 at
475 2960 623 3025 Parisina
646 2960 850 3046 adseruatos,
884 2968 920 3026 ut
945 2961 1086 3026 ostendit
1109 2959 1204 3027 Aem.
1228 2960 1369 3026 Thomas
1394 2960 1428 3025 in

237 3080 376 3166 epistula
410 3080 450 3145 ad
487 3081 523 3144 B.
561 3080 714 3145 Dahlium
751 3082 826 3146 data
851 3082 920 3168 (ll.
945 3082 988 3147 11.
1014 3104 1088 3170 pag.
1114 3084 1157 3147 20
1182 3084 1262 3166 not.)
1294 3082 1431 3149 Aooedit

237 3201 325 3265 aliud
350 3201 479 3266 maioris
504 3201 658 3267 momenti
682 3209 929 3288 argumentum:
955 3203 1057 3268 sodex
1080 3203 1137 3269 ille
1160 3204 1328 3269 Leidensis
1348 3203 1431 3269 Vos·

237 3322 346 3387 sianus
377 3321 417 3387 ad
449 3322 491 3386 Is.
519 3321 670 3387 Vossium
694 3323 843 3410 peruenit
866 3345 884 3389 e
909 3324 1105 3391 bibliotheca
1129 3325 1338 3392 celeberrima
1361 3326 1430 3392 Pe·

239 3444 432 3520 tauiana;
463 3444 585 3509 Paulus
617 3451 724 3510 autem
749 3445 905 3510 Petauius
928 3448 1106 3533 permultos
1130 3468 1171 3513 ex
1196 3446 1429 3512 uetustioribus

237 3568 304 3632 suis
328 3566 555 3652 mannsoriptis
578 3558 669 3632 libris
693 3575 861 3656 aoeeperat
885 3589 905 3634 a
927 3569 1025 3635 Petro
1044 3569 1198 3654 Daniele,
1219 3590 1283 3656 quo
1303 3577 1428 3634 mortuo

238 3689 434 3756 bibliotheoa
454 3697 504 3753 est
522 3688 628 3753 diuisa
645 3688 731 3754 inter
751 3689 923 3755 Petauium
944 3689 1426 3776 etIaoobumBongarsium1),

238 3812 323 3877 unde
353 3810 479 3877 eodioes
511 3810 721 3878 Danielenses
753 3834 839 3877 nune
863 3820 939 3877 sunt
962 3817 1019 3877 aut
1043 3812 1075 3877 in
1102 3812 1305 3878 Bibliotheoa
1329 3810 1431 3878 Bon·

237 3933 440 4019 garsiana
464 3932 676 3999 Bernensi
700 3934 814 3999 autin
838 3933 1430 4021 BibliothseisquaePetauianos

273 4189 295 4251 l)
314 4189 350 4237 Cf.
373 4189 403 4237 ll.
422 4189 520 4253 Hagen,
547 4189 603 4238 ,der
621 4187 702 4238 Jurist
719 4187 768 4236 und
785 4185 896 4250 Philolog
914 4187 985 4235 Peter
1005 4186 1088 4236 Daniel
1105 4202 1147 4236 ans
1164 4184 1282 4235 Orleans'’
1299 4189 1324 4236 et
1344 4186 1429 4237 »Jaoo-

236 4269 280 4320 bns
298 4267 460 4334 Bongarsius’'
478 4270 516 4319 in:
544 4272 605 4319 1an
628 4268 768 4318 Gasohiohte
791 4269 833 4317 der
851 4268 986 4332 Philologie
1003 4269 1050 4317 und
1068 4284 1111 4317 zur
1129 4271 1188 4317 riim.
1207 4267 1359 4318 Litteratnr''
1377 4285 1429 4334 pas-

238 4352 291 4402 sim.
318 4353 385 4401 ldsm
410 4351 435 4402 in
457 4352 557 4417 praelat·
582 4351 691 4414 Catalogi
715 4350 782 4399 codd.
807 4350 975 4400 Bsmsnsinm.
996 4378 1025 4386 -
1043 4350 1071 4403 L.
1088 4349 1189 4410 Dolisla,
1210 4351 1257 4400 ‚Le
1275 4349 1374 4401 Csbinrt
1390 4352 1431 4400 des

238 4433 381 4484 manuscrits
398 4434 426 4483 rla
443 4433 468 4482 la
485 4431 548 4483 Bibl.
567 4429 641 4481 Nat.”
659 4432 700 4490 11,
716 4431 773 4480 aba.
