3344 5236
284 1276 401 1341 Feriae
432 1276 577 1342 aestiuas
607 1276 739 1342 iamiam
771 1278 810 1344 ad
844 1278 941 1344 finem
972 1285 1145 1364 uergentes
1178 1285 1210 1342 et
1241 1299 1345 1344 nonus
1376 1279 1432 1366 qui

239 1398 356 1486 insipit
387 1402 492 1463 annus
524 1398 727 1464 asademious
758 1407 890 1465 monent
919 1421 993 1483 nos,
1025 1399 1260 1465 oommilitones
1283 1401 1433 1466 aestimo·

238 1520 375 1603 tissimi,
407 1524 445 1584 ut
476 1519 694 1586 instauremus
719 1542 799 1608 quas
822 1521 969 1609 proximo
993 1542 1078 1586 anno
1102 1521 1135 1585 in
1160 1521 1220 1586 hae
1245 1528 1355 1587 nostra
1378 1521 1433 1586 Bi·

238 1642 401 1708 bliotheoa
424 1641 650 1707 inoohauimus
674 1641 923 1707 exercitationes
948 1642 1241 1729 palaeographioas.
1276 1642 1327 1708 Ad
1352 1664 1432 1730 quas

237 1761 368 1849 pnblioe
387 1761 448 1827 hoo
465 1763 535 1827 looo
548 1783 606 1827 uos
618 1762 759 1827 inuitare
771 1762 911 1828 deoreui.
936 1761 1190 1849 Signifieandnm
1204 1763 1289 1828 enim
1302 1764 1433 1830 uidetur

238 1900 304 1971 qua
335 1882 459 1948 ratione
490 1903 545 1948 eas
576 1884 825 1950 exereitstiones
852 1885 1023 1950 instituere
1047 1884 1127 1949 mihi
1152 1885 1370 1971 proposuerim
1396 1891 1433 1951 ut

238 2004 337 2068 utiles
362 2003 538 2069 reddantur
561 2004 679 2070 studiis
698 2006 834 2081 uestris,
856 2025 915 2071 nee
935 2005 1054 2071 nostris
1073 2005 1297 2070 communibus
1315 2006 1432 2072 studiis

239 2124 444 2213 philologieis
476 2125 541 2190 sint
573 2125 643 2191 sine
666 2126 776 2212 aliquo
799 2125 917 2191 frustu.
951 2118 996 2191 Et
1019 2126 1172 2213 bipartito
1196 2126 1326 2213 quidem
1350 2127 1434 2192 diui·

239 2247 317 2314 dere
347 2267 402 2312 eas
434 2247 552 2312 uelim:
587 2267 642 2313 eos
673 2255 818 2313 uestrum
848 2247 904 2334 qui
928 2247 1023 2312 rudes
1047 2247 1151 2312 adhue
1175 2247 1253 2312 estis
1276 2247 1355 2312 artis
1379 2269 1434 2335 pa·
1524 2319 1528 2328 ,

238 2368 503 2456 laeographioae,
528 2369 689 2434 elementa
713 2368 844 2445 docebo,
869 2374 968 2434 etex
993 2368 1112 2454 insigni
1125 2368 1347 2435 Bibliothecae
1359 2369 1433 2435 Lei·

239 2491 348 2556 densis
383 2490 529 2556 eodioum
567 2511 641 2557 mss.
679 2491 830 2555 thesauro
863 2492 1013 2577 exempla
1044 2490 1084 2555 iis
1116 2512 1289 2578 proponam
1323 2492 1434 2556 uariae

163 2610 167 2617 ’
240 2613 403 2678 uariarum
439 2619 582 2678 aetatum
622 2618 655 2677 et
686 2611 853 2678 nationum
887 2612 1049 2677 scribendi
1079 2612 1231 2691 rationis,
1264 2612 1434 2699 explioabo

241 2735 333 2800 uaria
355 2734 619 2822 compendiorum
643 2755 763 2820 genera
786 2740 958 2820 ceteraque
984 2754 1066 2820 qnae
1088 2734 1122 2798 in
1146 2734 1292 2821 legendis
1316 2734 1434 2800 eodioi·

242 2858 303 2923 bus
326 2863 402 2922 sunt
425 2855 627 2922 obseruanda
651 2875 710 2921 neo
735 2855 946 2920 tumultuario
976 2876 1073 2941 opere
1096 2853 1152 2919 sed
1176 2854 1230 2919 uia
1254 2863 1286 2921 et
1309 2855 1434 2921 ratione

242 2977 431 3045 exercenda.
468 2977 616 3064 Namque
639 2977 700 3042 hao
723 2983 833 3042 nostra
861 2983 967 3042 aetate
991 2949 1043 3041 ars
1067 2976 1353 3064 palaeographioa‚
1378 2976 1433 3041 diu

241 3101 390 3186 neglecta
411 3106 444 3165 et
455 3098 539 3164 leuis
554 3099 684 3182 habita,
698 3097 827 3163 tandem
842 3098 904 3162 ooli
917 3113 966 3163 est
978 3104 1091 3184 soepta
1103 3105 1260 3184 quantum
1274 3105 1432 3182 meretur,

240 3242 345 3309 neque
368 3241 562 3308 quemquam
587 3220 643 3308 qui
667 3219 832 3285 ueteribus
852 3219 970 3284 litteris
990 3240 1119 3305 operam
1139 3218 1195 3283 dat
1213 3240 1344 3306 prorsus
1364 3218 1434 3284 eius

241 3348 407 3430 expertem
439 3362 509 3407 esse
540 3348 676 3429 oportet.
712 3340 763 3405 Ex
800 3361 864 3427 qua
894 3339 1083 3426 diligentius
1113 3340 1243 3426 cognita
1275 3348 1432 3427 quantum

240 3463 364 3528 fruetus
395 3463 553 3528 redundet
584 3462 617 3527 in
651 3462 829 3527 traotandis
865 3467 1012 3527 ueterum
1037 3461 1166 3548 seriptis
1189 3483 1252 3526 non
1276 3461 1434 3549 estquod

241 3584 388 3673 pluribus
411 3573 469 3649 uo's
493 3604 650 3649 moneam.
674 3583 939 3649 Fundamentum
961 3583 1046 3648 enim
1068 3590 1118 3648 est
1138 3590 1235 3671 atque
1256 3583 1435 3649 subsidium

241 3705 450 3771 utilissimum
474 3706 562 3770 illins
587 3706 665 3770 artis
690 3725 772 3792 quae
804 3703 907 3769 omnis
935 3703 1101 3770 doetrinae
1124 3712 1254 3770 nostrae
1278 3711 1328 3771 est
1352 3724 1437 3768 sum·

242 3847 331 3891 mum
363 3834 395 3891 et
425 3826 654 3914 praeoipuum:
687 3827 796 3892 artis
825 3826 1019 3892 eritioee.
1057 3825 1194 3892 Omnem
1227 3826 1313 3891 enim
1339 3827 1440 3890 inter·

242 3948 455 4035 pretationem
486 3968 559 4012 oum
594 3947 786 4034 praeoedere
817 3945 933 4012 debeat
963 3946 1060 4013 lentio
1084 3931 1274 4026 emendata,
1298 3952 1438 4034 surisque

242 4068 343 4155 igitur
368 4068 402 4132 id
426 4090 489 4133 non
515 4068 630 4132 ultimo
654 4068 724 4133 loeo
749 4069 791 4133 sit
814 4067 1001 4133 enitendum
1027 4075 1063 4131 ut
1088 4088 1170 4154 quae
1194 4069 1287 4134 nobis
1313 4089 1441 4134 manse·

244 4196 319 4254 runt
332 4196 479 4255 ueterum
492 4188 611 4274 seripta
624 4188 798 4254 reddantur
811 4210 906 4276 quarn
921 4188 1202 4273 emendatissima,
1216 4210 1295 4256 sano
1306 4187 1438 4276 quidem

245 4310 365 4375 iudioio
389 4332 469 4397 opus
493 4318 543 4376 est
566 4320 642 4376 ants
666 4311 774 4375 omnia
799 4319 831 4375 et
857 4312 1037 4378 eruditione
1062 4311 1183 4392 solida,
1206 4313 1263 4377 sed
1287 4311 1373 4376 haud
1394 4311 1442 4377 ita

248 4431 350 4497 multo
383 4432 538 4497 minorem
571 4431 604 4496 in
636 4432 764 4496 modum
795 4433 873 4496 artis
898 4432 997 4500 etiam
1015 4432 1310 4519 ¹palaeographioue
1332 4433 1442 4518 sogni-
